3400 5175
907 600 1814 711 MORETVM.

442 1144 615 1293 Iam
654 1242 777 1285 nox
822 1218 1145 1308 hybernas
1188 1218 1286 1284 bis
1324 1219 1611 1305 quinque
1658 1235 1989 1309 peregerat
2031 1215 2251 1298 horas,

446 1338 949 1425 Excubitorque⁸
980 1338 1146 1403 diem
1189 1356 1381 1401 cantu
1426 1338 1834 1424 praedixerat
1873 1338 2038 1419 ales;

455 1458 735 1521 Simulus
773 1459 993 1544 exigui
1036 1455 1245 1519 cultor
1286 1480 1479 1545 quum
1522 1461 1804 1521 rusticus
1846 1461 2025 1549 agri,

452 1581 696 1641 Tristia
732 1595 1044 1639 venturae
1087 1596 1369 1639 metuens
1408 1578 1647 1639 ieiunia
1687 1576 1883 1653 lucis,

390 1698 393 1702 ’
453 1698 693 1759 Sensim
733 1694 1007 1757 membra
1052 1694 1223 1759 levat
1259 1694 1378 1757 vili
1420 1694 1683 1758 demissa
1730 1694 2026 1785 grabam,

455 1813 875 1899 Sollicitaque
918 1834 1101 1876 mauu
1143 1812 1435 1877 tenebras
1470 1813 1764 1899 explorat
1802 1817 2067 1891 inertes,

455 1935 877 2023 'vestigatque
917 1928 1170 2009 focum;
1208 1930 1411 1995 laesus
1450 1954 1635 2020 quem
1676 1932 1958 2021 denique
1997 1935 2218 1997 sensit.

558 2052 867 2115 Pa-rvulus
905 2070 1130 2113 exusto
1170 2049 1532 2117 remanebat
1572 2054 1796 2137 stipite
1833 2049 2066 2131 fomes,

457 2174 539 2235 Et
580 2172 745 2235 cinis
782 2168 1097 2233 obductae
1136 2168 1386 2233 celabat
1426 2169 1667 2233 lumina
1705 2194 1983 2257 prunae.

460 2290 773 2355 Admovet
805 2287 905 2353 his
946 2312 1242 2375 pronam,
1280 2288 1584 2353 submissa
1625 2286 1870 2367 fronte,
1909 2292 2262 2367 lucernam,

461 2412 541 2473 Et
579 2409 879 2497 producit
918 2431 1039 2473 acu
1074 2426 1291 2497 stupas
1332 2406 1588 2471 humore
1629 2430 1948 2486 carentes,

463 2532 725 2595 Excitat
764 2546 829 2593 et
869 2528 1107 2593 crebris
1149 2528 1553 2620 languentem
1592 2527 1848 2594 flatibus
1885 2533 2133 2619 ignem.

462 2649 737 2712 Tandem
774 2665 1083 2734 concepto
1124 2645 1419 2711 tenebrae
1457 2644 1710 2738 fulgore
1753 2647 2095 2724 recedunt;

464 2771 899 2855 oppositaque
940 2789 1123 2830 manu
1160 2765 1365 2830 lucem
1407 2763 1698 2830 defendit
1741 2765 1822 2830 ab
1863 2789 2048 2844 aura,

417 2898 425 2905 '
466 2889 547 2949 Et
588 2903 823 2948 reserat
864 2884 1120 2948 clausae
1162 2906 1275 2946 sua
1314 2883 1617 2970 providus
1652 2887 1818 2948 ostia
1857 2883 2089 2948 cellae.

562 3009 765 3068 Fusus
806 3023 943 3075 erat
984 3021 1155 3067 terra
1195 2999 1501 3066 frumenti
1542 3025 1780 3090 pauper
1823 3023 2120 3078 acervus;

470 3125 634 3187 Hinc
674 3120 798 3187 sibi
841 3120 1193 3208 depromit,
1230 3139 1537 3208 quantum
1582 3145 1868 3186 mensura
1915 3121 2209 3210 patebat,

468 3247 643 3322 Quae
682 3241 781 3305 bis
822 3242 887 3304 in
928 3258 1188 3304 octonas
1224 3245 1510 3306 excurrit
1554 3243 1828 3329 pondere
1871 3242 2104 3308 libras.

468 3361 628 3427 Inde
667 3359 835 3436 abit,
875 3359 1257 3448 adsistitque
1298 3361 1535 3438 molae3
1578 3383 1902 3449 parvaque
1940 3360 2214 3437 tabella,

471 3485 671 3562 Quam
708 3477 898 3544 fixam
936 3482 1141 3566 paries
1181 3479 1330 3543 illos
1370 3480 1663 3546 servabat
1707 3484 1772 3544 in
1808 3503 1990 3556 usus,

476 3603 743 3665 Lumina
784 3597 908 3663 fida
948 3597 1157 3676 locat',
1198 3603 1483 3688 geminos
1523 3619 1677 3663 tunc
1719 3617 1892 3662 veste
1934 3599 2204 3662 lacertos

472 3718 768 3794 Liberat,
809 3735 905 3794 et,
946 3719 1193 3781 cinctus
1233 3717 1495 3781 villosae
1538 3736 1790 3806 tergore
1829 3739 2094 3802 caprae,

475 3837 833 3901 Praeverrit
876 3835 1076 3900 cauda
1118 3836 1363 3915 silices,
1404 3840 1853 3929 geminumque
1896 3835 2224 3898 molarem.

476 3956 769 4024 Advocat
812 3953 959 4020 inde
1000 3977 1215 4020 manus
1253 3960 1467 4044 operi,
1508 3959 1786 4045 partitus
1827 3957 2168 4042 utrinque:
