3400 5175
1054 610 1206 697 142
1689 606 1762 660 ι».
1855 598 2406 660 vrnornrr
2632 573 2798 679 467

1140 712 1445 811 Omnibus¹
1482 758 1578 806 est
1618 742 1829 803 vitaez
1871 735 1982 801 aed
2021 730 2249 799 famam
2291 730 2637 797 extendere
2674 726 2901 806 factio,

1144 872 1281 935 ‘Hoc
1322 866 1589 931 virtutis
1626 882 1820 947 opus.
1855 858 2085 922 Troiae
2125 852 2244 919 sub
2285 850 2610 915 moenibus
2649 849 2833 927 altis,

1146 990 1271 1051 Tot
1314 987 1451 1049 nati
1486 980 1780 1047 cecidere
1821 976 2036 1043 defim:
2079 976 2238 1063 quin
2279 944 2521 1035 occidit
2557 992 2684 1033 una

1152 1102 1509 1191 Sarpedon,
1552 1122 1686 1163 mea
1723 1098 2086 1187 progenies.
2131 1094 2340 1155 Etiam
2379 1112 2494 1153 aua
2533 1092 2814 1152 Turnum

1156 1230 1312 1289 Fata
1354 1237 1621 1297 vocant,
1661 1234 1982 1304 metasque
2021 1212 2158 1279 dati
2203 1214 2499 1299 pervenit
2535 1208 2616 1273 ad
2656 1210 2829 1271 aevi.

1156 1346 1261 1409 Sic
1305 1344 1430 1420 ait,
1472 1358 1671 1427 atque
1711 1337 1928 1404 oculoa
1969 1334 2356 1397 Rutulorum
2396 1331 2612 1393 reiicit
2655 1329 2853 1390 arvia.

1160 1470 1244 1528 At
1289 1463 1498 1526 Pallae
1542 1460 1790 1549 magnis
1825 1457 2066 1519 emittit
2109 1450 2356 1519 viribus
2388 1448 2662 1527 hastam,

1160 1587 1540 1674 vaginaque
1580 1600 1734 1644 cava
1776 1574 2127 1666 fulgentem
2165 1571 2404 1657 deripit
2447 1590 2686 1632 ensem.

1164 1702 1287 1766 Illa
1329 1700 1587 1776 volana,
1628 1696 1909 1759 humeris
1950 1710 2219 1783 surgunt
2259 1712 2386 1777 qua
2431 1691 2712 1778 tegmina
2754 1707 3026 1761 summa,

1166 1820 1441 1895 Incidit,
1479 1835 1671 1903 atque
1708 1818 1879 1878 viam
1921 1814 2116 1898 clipei
2157 1810 2380 1873 molita
2423 1830 2536 1895 per
2576 1830 2754 1884 oras,

1167 1935 1450 2004 Tandem
1498 1938 1695 1998 etiam
1741 1955 1964 2022 magno
2003 1933 2270 1995 strinxit
2311 1928 2390 1991 de
2431 1948 2698 2013 corpore
2738 1926 2974 1989 Turni.

1170 2060 1294 2123 Hic
1340 2060 1590 2119 Turnus
1629 2051 1798 2117 ferro
1839 2048 2186 2139 praefixum
2229 2046 2421 2113 robur
2458 2066 2650 2111 acuto

1171 2180 1247 2241 Iu
1292 2174 1581 2237 Pallanta
1622 2171 1732 2237 diu
1775 2170 2019 2235 librans
2059 2172 2252 2249 iacit,
2295 2187 2493 2257 atque
2535 2170 2626 2230 ita
2667 2161 2876 2229 fatur:

1172 2295 1485 2383 Adspice,
1528 2316 1671 2357 num
1717 2314 1896 2383 mage
1937 2293 2018 2353 sit
2063 2308 2338 2353 nostrum
2385 2286 2784 2376 penetrabile
2824 2284 3065 2347 telum.

1175 2418 1480 2491 Dixerat3
1526 2432 1591 2475 at
1632 2412 1944 2498 clipeum,
1986 2427 2080 2473 tot
2122 2407 2271 2473 ferri
2317 2428 2541 2499 terga,
2579 2426 2678 2471 tot
2721 2407 2921 2482 aeris,

1180 2538 1387 2616 Quum
1428 2533 1615 2620 pellis
1659 2534 1849 2595 toties
1887 2530 2078 2596 obeat
2119 2528 2512 2596 circumdata
2550 2530 2752 2606 tauri,

1180 2654 1484 2719 vibranti
1526 2657 1740 2740 cuspis
1781 2651 2054 2716 medium
2092 2650 2566 2716 transverberat
2607 2651 2780 2726 ictu,

1182 2777 1580 2862 Loricaeque
1622 2795 1824 2836 moras
1860 2789 1924 2836 et
1968 2791 2191 2860 pectus
2234 2767 2518 2858 perforat
2561 2770 2810 2859 ingena.

1182 2895 1307 2958 Ille
1346 2897 1514 2980 rapit
1554 2892 1834 2957 calidum
1875 2889 2114 2956 frustra
2149 2887 2228 2952 de
2268 2887 2532 2952 vulnere
2575 2885 2805 2947 telum:

1188 3016 1326 3075 Vna
1364 3011 1711 3100 eademque
1753 3015 1858 3074 via
1900 3011 2159 3100 sanguis
2191 3009 2572 3092 animusque
2613 3017 3005 3090 sequuntur.

1186 3133 1445 3193 Corruit
1490 3133 1557 3192 in
1598 3130 1862 3192 vulnus:
1907 3133 2182 3192 sonitum
2225 3149 2414 3213 super
2454 3146 2620 3187 arma
2655 3121 2916 3186 dedere:

1187 3251 1271 3314 Et
1312 3265 1541 3311 terram
1584 3245 1881 3312 hostilem
1923 3250 2193 3312 moriens
2236 3248 2400 3332 petit
2444 3266 2554 3308 ore
2595 3259 2901 3306 cruento.

1190 3372 1385 3446 Quem
1428 3369 1683 3429 Turnus
1727 3391 1916 3454 super
1955 3366 2300 3431 adsistens:

1192 3483 1500 3563 Arcades,
1544 3481 1738 3562 haec,
1782 3489 2031 3574 iuquit,
2075 3506 2378 3549 memores
2417 3505 2552 3546 mea
2593 3480 2770 3545 dicta
2813 3474 3050 3542 referte

1196 3603 1525 3667 Euandro.
1567 3605 1831 3684 Qualem
1877 3609 2143 3682 meruit,
2185 3604 2474 3668 Pallanta
2517 3603 2815 3664 remitto.

1194 3726 1500 3811 Quisquis
1514 3722 2328 3818 honoatumuli,quidquid
2341 3722 2612 3786 solamen
2629 3717 2940 3784 humandi
2959 3731 3052 3780 est
3077 3761 3098 3791 ,

1203 3845 1501 3935 Largior.
1546 3843 1734 3908 Haud
1775 3844 1872 3908 illi
1907 3844 2171 3910 stabunt
2217 3849 2494 3906 Aenaeia
2526 3861 2724 3927 parvo

1203 3965 1533 4051 Hospitia.
1576 3967 1655 4028 Et
1698 3964 1884 4029 laevo
1921 3969 2152 4053 pressit
2192 3963 2392 4051 pede,
2433 3961 2596 4026 talia
2635 3956 2841 4034 fatua,
