3400 5175
1182 666 1229 717 c
1286 664 1633 721 11115.
1807 636 1958 715 331
2231 641 2380 715 261

524 804 734 887 Atque
760 798 1011 885 aliquos
1038 813 1245 859 tamen
1272 817 1401 858 esse
1431 797 1615 859 velim
1642 794 1788 871 tibi,
1817 796 2400 882 alumna,penates.

519 922 655 981 Boc
692 942 919 993 unum,
962 917 1161 979 exilio
1200 916 1389 979 docta
1429 935 1621 1002 atque
1662 934 1961 1001 experta,
2005 915 2301 978 monebo,

519 1036 699 1116 Quod
738 1041 791 1099 si
836 1060 957 1099 non
997 1037 1125 1099 alia
1170 1037 1407 1120 poteris
1447 1038 1690 1096 ratione
1735 1053 2052 1119 parentem

518 1156 838 1219 Flecteret
879 1155 987 1218 sed
1030 1159 1297 1242 poteris:
1348 1152 1503 1240 quid
1546 1158 1710 1216 enim
1751 1178 1870 1216 non
1914 1158 2103 1219 unica
2150 1150 2387 1242 possis?

520 1278 693 1339 Tunc
737 1278 949 1361 potius
992 1294 1201 1337 tamen
1242 1275 1401 1349 ista,
1443 1276 1549 1357 pio
1590 1296 1785 1359 quum
1830 1276 1966 1336 iure
2011 1274 2268 1351 licebit,

518 1398 719 1473 Quum
764 1392 923 1457 facti
964 1416 1242 1456 caussam
1285 1414 1655 1479 tempusque
1696 1393 1934 1456 doloris
1974 1392 2266 1470 habebis,

520 1514 700 1575 Tunc
744 1516 957 1597 potius
998 1532 1217 1574 conata
1262 1528 1373 1571 tua
1416 1530 1609 1597 atque
1650 1514 1906 1597 incepta
1949 1508 2215 1574 referto:

518 1635 787 1717 Meque,
830 1630 1107 1717 deosque
1147 1630 1270 1694 tibi
1306 1631 1603 1703 comites,
1644 1652 1776 1691 mea
1803 1629 2090 1705 alumna,
2133 1626 2386 1692 futuros

519 1748 863 1811 Polliceor:
911 1745 1071 1809 nihil
1114 1766 1242 1823 est,
1278 1747 1451 1835 quod
1490 1768 1665 1811 texas
1706 1749 1958 1828 ordine,
1999 1751 2286 1841 longum.

618 1871 731 1929 nis
774 1866 883 1929 ubi
928 1866 1241 1929 sollicitos
1282 1870 1473 1929 animi
1518 1868 1908 1931 relevaverat
1953 1892 2162 1933 aestus

521 1984 831 2059 Vocibus,
872 2006 935 2047 et
976 1984 1206 2049 blanda
1252 2006 1471 2071 pectus
1512 2010 1620 2073 spe
1660 1992 1902 2053 vicerat
1944 2011 2242 2079 aegrum;

525 2103 864 2166 Paullatim
906 2102 1315 2167 tremebunda
1358 2110 1533 2195 genis
1574 2107 1892 2172 obducere
1939 2131 2170 2172 vestem

523 2226 837 2313 Virginis,
878 2242 940 2284 et
981 2224 1291 2309 placidam
1336 2226 1611 2289 tenebris
1646 2246 1906 2313 captare
1946 2231 2262 2313 quietem,

522 2344 777 2405 Inverso
818 2340 1109 2406 bibulum
1154 2348 1550 2432 restinguens
1590 2344 1798 2409 lumen
1841 2346 2045 2422 olive,

522 2463 801 2546 Incipit,
845 2458 924 2523 ad
966 2460 1217 2524 crebros
1262 2464 1459 2526 insani
1505 2468 1780 2550 pectoris
1825 2472 1992 2527 ictus

521 2584 797 2666 Fertque
830 2603 1111 2657 manum,
1141 2580 1423 2646 adsiduis
1456 2584 1731 2646 mulcens
1749 2582 2112 2668 praecordia
2133 2585 2392 2669 palmis.

520 2703 787 2764 Noctem
830 2699 1003 2762 illam
1044 2704 1133 2763 sic
1178 2723 1406 2763 maesta
1447 2724 1635 2787 super
1678 2703 2012 2763 maerentis
2051 2702 2340 2764 alumnae

516 2818 877 2909 Frigidulos
918 2818 1139 2883 cubito
1178 2819 1450 2884 subnixa
1492 2818 1796 2906 pependit
1833 2818 2096 2882 ocellos.

519 2943 773 3002 Postera
813 2939 927 3002 lux
978 2939 1085 3002 ubi
1127 2939 1294 3003 laeta
1335 2938 1497 3004 diem
1546 2937 1914 3000 mortalibus
1953 2939 2182 3001 almum

517 3061 598 3120 Et
640 3055 857 3148 gelido
899 3063 1064 3121 Eous
1103 3063 1359 3122 veniens
1398 3057 1728 3146 quatiebat
1773 3055 1850 3120 ab
1892 3061 2090 3133 Oeta,

522 3180 715 3256 Quem
763 3176 1029 3263 pavidae
1068 3177 1329 3242 alternis
1369 3175 1654 3267 fugitant
1702 3197 2057 3265 optantque
2101 3178 2391 3264 puellae3

520 3299 895 3382 Hesperium
938 3299 1183 3373 vitant,
1220 3317 1444 3384 optant
1488 3297 1808 3360 ardescere
1850 3298 2082 3374 solem3

521 3417 883 3500 Praeceptis
921 3435 1098 3500 paret
1148 3420 1332 3506 virgo
1372 3418 1639 3478 nutricis
1664 3463 1681 3491 ,
1719 3435 1780 3478 et
1821 3439 2032 3478 omnes

518 3533 815 3621 Vndique
856 3538 1179 3621 conquirit
1230 3533 1507 3597 nubendi
1550 3533 1769 3598 sedula
1811 3557 2086 3596 caussas.

518 3657 871 3718 Tentantur
912 3657 1165 3738 patriae
1203 3653 1525 3718 submissis
1568 3651 1836 3716 vocibus
1878 3675 2096 3727 aures,

522 3772 1017 3860 Laudanturque
1054 3772 1255 3837 bonae
1301 3777 1473 3860 pacis
1514 3771 1711 3837 bona:
1761 3749 1992 3833 multus
2035 3778 2287 3859 ineptae

521 3896 811 3982 Virginis
850 3891 1108 3956 insolito
1148 3915 1343 3956 sermo
1386 3915 1585 3959 novus
1621 3909 1792 3953 errat
1839 3892 1901 3950 in
1945 3911 2084 3951 ore.

523 4013 703 4076 Nunc
750 4031 1015 4076 tremere
1056 4014 1350 4077 instantis
1392 4011 1547 4078 belli
1590 4012 1934 4074 certamina
1974 4007 2172 4085 dicit,
