3400 5175
1015 566 1120 640 50
1637 584 1711 641 P.
1800 583 2377 639 vrno1111
2609 564 2771 643 355

1102 720 1431 781 Pertentat
1475 738 1690 779 sensus
1716 763 1735 794 ,
1778 735 1976 805 atque
2014 716 2259 781 ossibus
2300 714 2583 804 implicat
2630 724 2881 810 ignem3

1115 837 1402 901 Necdum
1441 840 1686 899 animus
1724 855 1861 899 toto
1906 840 2189 923 percepit
2234 854 2491 922 pectore
2532 836 2873 917 flammam3

1061 1041 1072 1047 ό
1115 958 1415 1035 Mollius,
1455 975 1516 1021 et
1557 957 1750 1021 solito
1793 978 2063 1030 matrum
2108 955 2185 1020 de
2224 978 2427 1033 more,
2468 957 2736 1047 loquuta
2772 978 2909 1035 est,

1113 1078 1322 1142 Multa
1349 1100 1540 1165 super
1567 1098 1717 1140 nata
1743 1078 2104 1165 lacrymans
2142 1074 2571 1167 Phrygiisque
2606 1077 3015 1168 hymenaeis:

1173 1192 1640 1261 [Exsulibusne
1683 1196 1869 1261 datur
1906 1194 2193 1260 ducenda
2239 1200 2503 1261 Lavinia
2542 1202 2840 1277 Teucris,

1117 1320 1170 1379 Ο
1211 1311 1508 1409 genitor?
1549 1340 1659 1381 nec
1705 1334 1770 1381 te
1805 1319 2055 1379 miseret
2100 1333 2447 1403 nataeque,
2490 1311 2765 1403 tuique?

1117 1440 1252 1501 Nec
1294 1440 1515 1501 matris
1555 1440 1839 1514 miseret,
1882 1457 2070 1523 quam
2116 1438 2317 1521 primo
2343 1436 2643 1522 aquilone
2680 1436 3010 1525 relinquet

1117 1554 1431 1632 Perfidus,
1469 1556 1598 1619 alta
1637 1573 1853 1641 petens
1896 1553 2176 1619 abducta
2216 1558 2508 1645 virgine,
2554 1551 2839 1642 praedo?

1119 1680 1206 1739 At
1251 1698 1370 1739 non
1411 1679 1501 1739 sic
1543 1673 1858 1763 Phrygius
1896 1692 2185 1761 penetrat
2232 1673 2697 1739 Lacedaemona
2738 1696 2988 1764 pastor,

1119 1794 1560 1882 Ledaeamque
1603 1795 1902 1857 Helenam
1948 1796 2252 1857 Troianas
2296 1799 2473 1858 vexit
2513 1794 2589 1858 ad
2634 1795 2851 1859 urbes.

1121 1914 1290 1995 Quid
1330 1931 1439 1976 tua
1479 1930 1701 1977 sancta
1742 1910 1923 1989 fides,
1966 1914 2123 2002 quid
2167 1938 2319 1978 cura
2360 1918 2627 2003 antiqua
2670 1932 2968 1994 tuorum,

1123 2032 1204 2095 Et
1246 2034 1716 2123 consanguineo
1760 2036 1949 2097 toties
1988 2033 2135 2099 data
2176 2034 2441 2099 dextera
2484 2029 2746 2099 Turno?

1123 2156 1190 2216 Si
1234 2174 1427 2243 gener
1467 2170 1733 2216 externa
1767 2157 2016 2240 petitur
2056 2154 2134 2219 de
2176 2176 2367 2245 gente
2414 2158 2687 2234 Latinis,

1123 2270 1328 2359 quue
1369 2272 1575 2347 sedet,
1619 2275 1945 2361 Faunique
1990 2294 2279 2358 premunt
2322 2293 2383 2337 te
2425 2278 2588 2338 iussa
2626 2278 2937 2361 parentis3

1123 2395 1378 2454 Omnem
1421 2392 1716 2479 equidem
1758 2396 2029 2479 sceptris
2071 2412 2299 2455 terram
2348 2414 2511 2479 quae
2542 2394 2741 2458 libera
2774 2398 3007 2458 nostris

1119 2509 1437 2587 Dissidet,
1479 2530 1804 2575 externam
1849 2535 2022 2592 reor,
2067 2530 2128 2577 et
2174 2514 2264 2577 sic
2304 2512 2517 2577 dicere
2556 2513 2768 2577 divos.

1125 2633 1206 2696 Et
1253 2635 1496 2709 Turno,
1537 2635 1586 2694 si
1635 2635 1839 2718 prima
1882 2631 2101 2696 domus
2144 2649 2469 2716 repetatur
2508 2634 2720 2722 orig0,

1120 2751 1403 2818 Inachus
1447 2757 1857 2842 Acrisiusque
1902 2773 2146 2840 patres,
2196 2751 2569 2839 mediaeque
2612 2757 2958 2841 Mycenae.

1219 2879 1332 2938 His
1373 2872 1486 2936 ubi
1529 2873 1967 2962 nequidquam
2007 2871 2199 2936 dictis
2242 2891 2503 2959 experta
2534 2919 2551 2946 ,
2594 2873 2892 2934 Latinum

1119 2995 1356 3056 Contra
1399 3011 1570 3056 stare
1607 2993 1816 3069 videt,
1856 2994 2239 3079 penitusque
2281 2993 2344 3052 in
2388 2995 2631 3055 viscera
2676 2991 2919 3076 lapsum

1123 3114 1448 3198 Serpentis
1493 3107 1731 3174 furiale
1770 3110 2037 3188 malum,
2082 3129 2411 3200 totamque
2448 3129 2770 3198 pererrat3

1119 3233 1280 3294 Tum
1322 3251 1475 3291 vero
1515 3225 1779 3307 infelix,
1824 3229 2195 3320 ingentibus
2231 3234 2444 3294 excita
2486 3232 2810 3305 monstris,

1119 3352 1487 3436 Immensam
1527 3352 1665 3413 sine
1713 3373 1881 3413 more
1920 3347 2082 3414 furit
2121 3349 2455 3440 lymphata
2498 3373 2606 3436 per
2648 3348 2899 3414 urbem:

1115 3471 1248 3532 Ceu
1289 3468 1605 3557 quondam
1651 3487 1823 3534 torto
1864 3470 2143 3534 volitans
2188 3469 2306 3534 sub
2348 3469 2606 3534 verbere
2644 3468 2875 3546 turbO,

1119 3591 1313 3668 Quem
1361 3594 1548 3677 pueri
1593 3613 1821 3681 magno
1860 3594 1924 3655 in
1966 3614 2133 3681 gyro
2174 3613 2379 3655 vacua
2422 3592 2588 3654 atria
2630 3594 2877 3654 circum

1119 3710 1366 3773 Intenti
1408 3710 1559 3775 ludo
1599 3730 1938 3775 exercent:
1981 3713 2093 3776 ille
2135 3730 2317 3775 actus
2360 3710 2606 3775 habena

1115 3831 1414 3894 Curvatis
1457 3828 1659 3896 fertur
1697 3836 1957 3919 spatiis:
2004 3853 2217 3920 stupet
2265 3836 2465 3894 inscia
2507 3853 2699 3916 supra

1104 3949 1539 4042 Impubesque
1581 3975 1838 4034 manus,
1874 3955 2104 4020 mirata
2142 3951 2432 4018 volubile
2476 3950 2752 4018 buxum:
