3400 5175
1030 636 1179 717 152
1673 664 1747 715 P.
1809 662 2348 719 vrnctnn
2623 666 2786 751 747

1116 792 1664 883 Partheniumque
1710 799 1925 882 Rapo,
1965 816 2030 861 et
2075 802 2451 887 praedurum
2493 804 2740 871 viribus
2777 812 3016 887 Orsen;

1110 920 1437 1001 Messapus
1480 915 1899 1004 Cloniumque
1939 923 2466 1009 Lycaoniumque
2509 926 2853 1005 Ericeten;

1104 1034 1297 1097 Illum
1340 1031 1604 1098 infrenis
1645 1040 1794 1122 equi
1841 1037 2023 1123 lapsu
2063 1040 2297 1103 tellure
2335 1043 2685 1121 iacentem,

1104 1158 1291 1218 Hunc
1332 1153 1611 1240 peditem
1652 1154 1876 1241 pedes.
1919 1161 1996 1220 Et
2041 1161 2272 1245 Lycius
2316 1180 2712 1245 processerat
2743 1164 2956 1251 ·Agis:

1108 1278 1304 1354 Quem
1347 1292 1553 1337 tamen
1593 1272 1760 1338 haud
1799 1297 2024 1363 expers
2065 1278 2330 1341 Valesus
2365 1281 2629 1345 virtutis
2669 1284 2885 1344 avitae

1106 1396 1381 1456 Deiicit:
1423 1412 1486 1455 at
1534 1392 1889 1458 Thronium
1933 1396 2182 1472 Salius,
2221 1396 2588 1483 Saliumque
2631 1398 2926 1477 Nealces,

1117 1516 1397 1602 Insignis
1441 1511 1654 1574 iaculo
1696 1528 1756 1573 et
1802 1513 1992 1602 longe
2031 1511 2294 1579 fallente
2331 1520 2595 1605 sagitta.

1212 1634 1343 1693 Iam
1386 1654 1612 1721 graves
1648 1631 1962 1717 aequabat
2004 1634 2218 1695 luctus
2259 1649 2322 1696 et
2369 1652 2587 1697 mutua
2631 1640 2890 1700 Mavors

1108 1754 1385 1813 Funera:
1426 1749 1773 1813 caedebant
1816 1753 2055 1838 pariter
2096 1755 2467 1842 pariterque
2511 1752 2784 1819 ruebant

1106 1873 1397 1933 Victores
1436 1872 1754 1957 victique:
1801 1894 2006 1959 neque
2043 1868 2140 1933 his
2183 1867 2334 1961 fuga
2377 1889 2558 1948 nota,
2594 1894 2804 1959 neque
2832 1871 2999 1935 illis.

1116 1990 1197 2051 Di
1242 1992 1409 2049 Iovis
1450 1990 1515 2050 in
1546 1964 1748 2051 ‘tectis
1787 1992 1946 2051 iram
1991 1994 2366 2053 miserantur
2403 1992 2650 2053 inanem

1110 2106 1485 2183 Amborum,
1527 2126 1589 2169 et
1634 2126 1840 2171 tantos
1883 2109 2251 2174 mortalibus
2291 2133 2422 2172 esse
2461 2109 2740 2173 labores:

1108 2230 1273 2289 Hinc
1313 2231 1555 2303 Venus,
1598 2223 1748 2291 hinc
1787 2246 2010 2292 contra
2047 2246 2292 2317 spectat
2331 2232 2626 2292 Saturnia
2669 2232 2855 2293 Iuno:

1111 2344 1357 2409 Pallida
1394 2344 1745 2432 Tisiphone
1785 2348 1992 2412 media
2031 2351 2199 2411 inter
2243 2348 2442 2411 millia
2479 2350 2720 2410 saevit.

1116 2470 1199 2527 At
1244 2488 1393 2529 vero
1431 2469 1750 2557 ingentem
1795 2471 2087 2555 quatiens
2127 2470 2484 2531 Mezentius
2519 2464 2758 2529 hastam

1112 2584 1438 2651 Turbidus
1478 2585 1840 2677 ingreditur
1881 2610 2137 2674 campo.
2173 2592 2372 2668 Quam
2415 2609 2674 2676 magnus
2711 2588 2943 2664 Orion,

1111 2710 1314 2785 Quum
1358 2705 1545 2792 pedes
1587 2707 1828 2771 incedit
1873 2707 2061 2772 medii
2102 2729 2213 2794 per
2257 2711 2528 2770 maxima
2571 2707 2761 2768 Nerei

1110 2830 1349 2916 Stagna
1390 2829 1553 2890 viam
1594 2827 1919 2906 scindens,
1959 2826 2220 2896 humero
2257 2826 2676 2912 supereminet
2713 2822 2942 2901 undas;

1106 2949 1235 3007 Aut
1270 2949 1522 3008 summis
1565 2942 1837 3010 referens
1877 2969 2167 3010 annosam
2211 2943 2524 3008 montibus
2563 2965 2816 3019 ornum,

1102 3060 1605 3148 Ingrediturque
1642 3063 1807 3140 sole,
1849 3081 1913 3126 et
1953 3084 2147 3150 caput
2189 3068 2357 3127 inter
2398 3063 2622 3127 nubila
2661 3059 2913 3126 condit:

1102 3177 1277 3240 Talis
1310 3201 1375 3240 se
1417 3183 1607 3242 vastis
1647 3176 1838 3243 infert
1881 3185 2234 3247 Mezentius
2273 3187 2490 3247 armis.

1100 3301 1267 3361 Huic
1307 3318 1527 3362 contra
1572 3303 1842 3380 Aeneas,
1883 3305 2250 3390 speculatus
2293 3306 2359 3366 in
2399 3304 2652 3394 agmine
2690 3301 2924 3392 longo,

1102 3415 1344 3482 Obvius
1384 3421 1476 3480 ire
1517 3441 1740 3505 parat.
1784 3425 2003 3486 Manet
2045 3423 2510 3508 imperterritus
2549 3420 2694 3498 ille,

1102 3540 1359 3600 Hostem
1401 3542 1864 3627 magnanimum
1907 3545 2272 3626 opperiens,
2314 3560 2376 3604 et
2425 3539 2582 3602 mole
2621 3560 2734 3601 sua
2773 3557 2938 3615 stat;

1098 3661 1312 3744 Atque
1339 3658 1539 3722 oculis
1564 3661 1841 3746 spatium
1870 3683 2186 3739 emensus,
2217 3679 2528 3749 quantum
2545 3662 2697 3722 satis
2725 3657 2982 3724 hastae:

1100 3779 1341 3840 Dextra
1384 3775 1538 3840 mihi
1582 3776 1767 3855 deus,
1811 3796 1874 3842 et
1914 3778 2144 3856 telum,
2185 3779 2357 3867 quod
2400 3779 2634 3842 missile
2674 3778 2879 3856 libro,

1096 3897 1279 3958 Nunc
1324 3896 1568 3960 adsint:
1614 3919 1816 3960 voveo
1857 3897 2188 3984 praedonis
2224 3919 2490 3983 corpore
2532 3901 2738 3985 raptis

1096 4013 1399 4080 Indutum
1440 4017 1662 4104 spoliis
1702 4021 1908 4105 ipsum
1951 4037 2049 4095 te,
2093 4021 2323 4095 Lause,
2367 4034 2690 4105 tropaeum
