3400 5175
878 598 1336 689 Anunrnos
1398 634 1570 689 mn.
1632 636 1798 711 ΧΠ,
1901 612 2060 691 328
2182 612 2342 693 205

468 763 681 828 Multa
719 760 921 827 virum
964 764 1241 827 volitans
1281 764 1391 829 dat
1430 761 1626 828 fortia
1666 788 1934 853 corpora
1971 768 2134 832 leto:

466 884 821 946 Semineces
864 882 1069 945 volvit
1110 882 1377 959 multos,
1417 902 1529 945 aut
1568 888 1820 973 agmina
1860 907 2053 949 curru

460 1002 771 1077 Protei-it,
812 1018 921 1063 aut
964 1018 1183 1087 raptas
1224 998 1625 1091 fugientibus
1664 1006 1900 1092 ingerit
1941 1000 2180 1069 hastas.

456 1118 680 1199 Qualis
719 1119 888 1205 apud
926 1120 1128 1209 gelidi
1170 1142 1365 1208 quum
1407 1116 1663 1185 flumina
1702 1124 1990 1185 concitus
2031 1120 2230 1185 Hebri

460 1242 863 1327 Sanguineus
898 1244 1153 1301 Mavors
1192 1238 1405 1325 clipeo
1446 1242 1768 1326 increpat,
1818 1259 2020 1328 atque
2055 1237 2336 1305 furentes

460 1356 637 1421 Bella
680 1380 931 1421 movens
970 1361 1259 1421 immittit
1301 1379 1529 1445 equos:
1578 1357 1675 1421 illi
1716 1380 1990 1445 aequore
2031 1375 2252 1445 aperto

454 1478 833 1539 AnteNotos
860 1474 1587 1565 Zephyrumquevolsnt
1608 1523 1623 1538 .
1658 1480 1870 1540 Gemit
1899 1476 2126 1539 ultima
2147 1476 2334 1563 pulsu

452 1590 705 1658 Thraca
747 1594 1017 1682 pedum,
1058 1598 1431 1684 circumq'ue
1473 1614 1647 1659 atrae
1689 1594 2074 1660 Formidinis
2112 1616 2223 1658 ora
2239 1640 2260 1673 ,

448 1714 753 1800 Iraeque,
798 1714 1239 1803 Insidiaeque,
1282 1715 1388 1779 dei
1429 1716 1800 1789 comitatus,
1843 1730 2154 1802 aguntur.

449 1832 625 1896 Talis
664 1855 863 1921 equos
902 1834 1115 1897 alacer
1154 1831 1362 1897 media
1404 1836 1571 1895 iuter
1612 1830 1858 1919 proelia
1894 1834 2146 1893 Turnus

444 1956 785 2015 Fumantes
824 1951 1051 2017 sudore
1089 1957 1339 2042 quatit,
1380 1946 1741 2013 miserabile
1778 1950 1980 2012 caesis

450 2071 761 2135 Hostibus
800 2071 1144 2149 insultans3
1186 2072 1433 2159 spargit
1474 2067 1697 2155 rapida
1744 2068 1984 2158 ungula
2019 2087 2188 2131 rores

444 2193 865 2280 sanguineos,
906 2192 1232 2277 mixtaque
1274 2210 1463 2251 cruor
1501 2188 1798 2252 calcatur
1835 2208 2057 2251 arena.

440 2311 703 2396 Iamque
720 2313 863 2371 neci
882 2307 1385 2396 Sthenelumque
1407 2307 1611 2385 dedit,
1628 2306 2152 2395 Thamyrimque,
2169 2297 2588 2389 Pholumque,

435 2433 621 2493 Hunc
639 2476 656 2505 ,
680 2450 1084 2519 congressus,
1114 2446 1175 2493 et
1200 2426 1369 2493 huuc
1387 2449 1409 2507 ;
1428 2429 1607 2495 illum
1639 2431 1906 2491 eminus:
1935 2428 2176 2489 eminus
2201 2418 2381 2483 ambo

436 2546 853 2624 Imbrasidas,
894 2548 1207 2613 Glaucum
1248 2566 1446 2636 atque
1487 2546 1726 2624 Laden,
1768 2567 1926 2634 quos
1970 2540 2278 2608 Imbrasus
2305 2542 2440 2626 ipse

434 2669 767 2732 Nutrierat
811 2669 1045 2755 Lycia,
1086 2666 1481 2756 paribusque
1520 2681 1862 2729 ornaverat
1906 2665 2132 2737 armis;

430 2787 553 2852 vel
591 2783 883 2852 conferre
922 2807 1201 2863 manum,
1245 2787 1347 2852 vel
1385 2807 1554 2873 equo
1592 2799 1997 2870 praevertere
2035 2796 2288 2841 ventos.

435 2907 620 2968 Parte
659 2903 787 2968 alia
832 2905 1033 2970 media
1074 2903 1381 2970 Eumedes
1418 2907 1485 2968 in
1528 2901 1773 2990 proelia
1811 2896 2048 2976 fertur,

432 3025 705 3110 Antiqui
742 3024 953 3111 proles
993 3024 1163 3088 bello
1202 3023 1529 3111 praeclara
1572 3022 1874 3099 Dolonis,

430 3145 699 3206 Nomine
728 3167 913 3208 avum
940 3140 1247 3222 referens,
1275 3147 1483 3210 animo
1506 3143 1930 3232 manibusque
1957 3159 2304 3228 parentem:

426 3265 551 3342 Qui
594 3261 943 3350 quondam,
984 3282 1191 3326 castra
1229 3281 1301 3326 ut
1344 3263 1643 3328 Danaum
1672 3235 2036 3350 speculator
2074 3261 2312 3340 adiret,

423 3383 635 3442 Ausus
676 3379 930 3444 Pelidae
970 3385 1247 3468 pretium
1288 3381 1411 3447 sibi
1451 3405 1706 3470 poscere
1745 3403 2004 3448 currus:

424 3495 611 3558 Illum
658 3497 943 3586 Tydides
976 3499 1103 3562 alio
1144 3523 1260 3586 pro
1302 3500 1539 3567 talibus
1576 3505 1748 3566 ausis

417 3611 677 3679 Adfecit
721 3619 960 3703 pretio:
1004 3639 1117 3682 uec
1159 3623 1343 3707 equis
1378 3620 1657 3707 adspirat
1698 3615 2006 3683 Achillis.

419 3735 607 3796 Hunc
650 3734 873 3820 procul
918 3753 989 3798 ut
1030 3757 1255 3822 campo
1295 3739 1549 3800 Turnus
1586 3735 1914 3823 prospexit
1955 3743 2210 3817 apert03

416 3854 585 3915 Ante
626 3851 755 3915 levi
797 3854 1011 3917 iaculo
1050 3853 1309 3945 longum
1352 3877 1465 3942 per
1505 3856 1693 3917 inane
1736 3865 2074 3937 sequutus,

416 3972 600 4035 Sistit
640 3993 837 4064 equos
879 3971 1165 4064 biiuges,
1206 3987 1269 4038 et
1306 3995 1500 4039 curru
1539 3971 1790 4048 desilit,
1829 3985 2026 4056 atque
