3400 5175
1040 534 1202 623 244
1736 542 2244 601 chzx.
2421 526 2581 631 359

1124 674 1393 751 Heroes,
1432 671 1785 762 mediisque
1823 677 1932 739 siti
1973 698 2118 743 sunt
2160 680 2416 747 sedibus
2451 706 2706 763 omnes,

1128 796 1352 855 Omnes
1394 794 1593 856 Roma
1629 792 1822 859 decus
1857 798 2071 887 magni
2111 820 2271 885 quos
2311 804 2580 887 suspicit
2621 802 2825 867 orbis:

1120 912 1245 975 mc
1288 909 1507 989 Fabii,
1549 915 1898 1001 Deciique,
1939 914 2046 979 hle
2089 934 2181 979 est
2223 936 2285 979 et
2331 922 2597 983 Horatia
2639 925 2878 999 virtus余

1124 1032 1246 1095 Hic
1288 1050 1352 1093 et
1395 1028 1562 1095 fama
1601 1051 1784 1097 vetus
1824 1057 2144 1123 nunquam
2187 1038 2493 1101 moritura
2528 1060 2640 1125 per
2677 1060 2936 1118 aevum,

1126 1152 1421 1227 Curtius,
1464 1153 1530 1215 in
1570 1151 1794 1216 mediis
1835 1176 2022 1240 quem
2061 1154 2372 1241 quondam
2407 1154 2666 1221 sedibus
2701 1156 2878 1222 urbis

1124 1272 1439 1332 Devotum
1482 1273 1636 1334 tetri
1676 1275 2063 1359 consumpsit
2106 1276 2386 1365 gurgitis
2427 1272 2734 1355 haustus3

1124 1388 1371 1450 Mutius
1411 1405 1475 1450 et
1519 1389 1792 1475 prudens
1836 1388 2117 1453 ardorem
2159 1412 2420 1479 corpore
2463 1414 2715 1479 passus余

1122 1506 1247 1589 Hic
1286 1498 1573 1585 Curius,'
1598 1508 1814 1572 clarae
1855 1512 2058 1573 socius
2100 1514 2362 1574 virtutis
2398 1530 2461 1575 et
2501 1510 2614 1575 ille

1130 1624 1493 1703 Fabricius,
1534 1630 1723 1691 cessit
1767 1631 1874 1691 cui
1917 1624 2121 1693 stacta
2163 1632 2448 1714 potentia
2491 1632 2692 1720 regis.

1132 1745 1282 1806 Iure
1326 1747 1526 1835 igitur
1571 1746 1724 1809 tales
1763 1747 1940 1811 sedes
1981 1750 2248 1809 Pietatis
2291 1744 2588 1809 honorat.

1134 1858 1281 1923 Illic
1325 1862 1787 1952 Scipiadaeque
1829 1864 2054 1942 duces,
2097 1863 2328 1928 devota
2371 1861 2712 1950 triumphis

1132 1982 1387 2043 Moenia
1430 2004 1591 2069 quos
1630 1982 1870 2071 rapidis
1912 1982 2193 2072 Libycae
2233 1976 2644 2073 Carthaginis
2685 1980 2980 2045 horrent.

1133 2096 1244 2159 Illi
1286 2098 1475 2163 laude
1514 2122 1627 2164 sua
1668 2104 1964 2192 vigeant:
2007 2122 2128 2191 ego
2166 2102 2335 2163 Ditis
2372 2121 2602 2185 opacos

1132 2217 1340 2306 Cogor
1378 2216 1553 2281 adire
1587 2219 1800 2295 lacus,
1846 2218 2072 2283 viduos
2111 2241 2145 2281 a
2187 2220 2423 2283 lumine
2468 2214 2740 2295 Phoebi余

1134 2338 1216 2397 Et
1258 2355 1501 2401 vastum
1544 2337 2011 2429 Phlegethonta
2051 2341 2219 2425 pati:
2261 2358 2390 2425 quo
2431 2341 2716 2424 proxima
2747 2338 2954 2399 Minos

1130 2454 1570 2521 Conscelerata
1609 2460 1716 2544 pia
1754 2456 2055 2523 discernit
2098 2458 2316 2520 limina
2358 2454 2536 2519 sede.

1132 2575 1302 2665 Ergo
1340 2578 1461 2640 iam
1500 2600 1784 2642 caussam
1823 2580 2042 2641 mortis
2078 2599 2171 2640 me
2212 2575 2424 2641 dicere
2465 2577 2750 2640 vinctum

1132 2693 1517 2762 Verberibus
1553 2721 1739 2764 saevo
1781 2715 2016 2788 cogunt
2051 2693 2170 2760 sub
2212 2693 2423 2759 iudice
2465 2699 2737 2758 Poenae:

1136 2816 1341 2894 Quum
1384 2815 1541 2880 mihi
1584 2835 1653 2882 tu
1691 2821 1776 2881 sis
1817 2837 2038 2882 caussa
2082 2815 2264 2892 mali余
2309 2837 2421 2879 nec
2465 2817 2751 2877 conscius
2799 2810 3004 2875 adsis:

1132 2931 1253 2996 Sed
1296 2934 1739 3001 tolerabilibus
1779 2939 1948 3000 cutis
1987 2933 2146 2998 haec
2187 2937 2504 2997 immemor
2541 2933 2754 3009 audis3

1136 3053 1342 3130 Haec,
1384 3076 1541 3116 vana
1588 3073 1691 3131 ut,
1737 3053 1974 3140 rapidis
2015 3051 2342 3116 dimittens
2383 3055 2618 3115 somnia
2660 3053 2900 3114 ventis.

1134 3170 1477 3258 Digredior
1514 3195 1853 3260 numquam
1898 3173 2246 3236 rediturus.
2299 3173 2396 3234 Tu
2434 3169 2572 3233 cole
2615 3165 2854 3246 fontes,

1138 3291 1220 3352 Et
1258 3288 1490 3355 virides
1524 3265 1840 3356 nemorum
1881 3293 2110 3369 silvas,
2148 3309 2213 3354 et
2256 3310 2489 3377 pascua
2533 3289 2770 3352 laetus:

1139 3413 1220 3472 Et
1264 3431 1395 3473 mea
1432 3408 1693 3476 diffusas
1733 3395 2062 3499 rapiantur
2100 3409 2274 3476 dicta
2315 3431 2428 3496 per
2469 3429 2690 3471 auras.

1138 3527 1355 3589 Dixit:
1399 3545 1463 3591 et
1504 3546 1786 3593 extrema
1825 3533 2028 3593 tristis
2067 3552 2209 3592 cum
2248 3549 2400 3592 voce
2445 3529 2734 3590 recessit.

1234 3649 1420 3712 Hunc
1461 3647 1572 3713 ubi
1614 3649 1965 3713 sollicitum
2006 3647 2247 3713 dimisit
2291 3648 2520 3709 inertia
2561 3646 2798 3719 somni}

1137 3768 1458 3856 Ingemuit
1501 3771 1786 3860 graviter
1825 3785 2089 3832 mentem
2135 3785 2360 3854 aeger:
2405 3786 2515 3827 nec
2559 3762 2710 3826 tulit
2753 3761 2927 3825 ultra

1136 3884 1429 3951 Sensibus
1467 3883 1744 3952 infusum
1785 3887 2026 3952 Culicis
2065 3886 2142 3952 de
2185 3901 2382 3949 morte
2423 3881 2740 3948 dolorem.
