3400 5175
988 598 1136 675 150
1630 617 1704 667 P.
1779 614 2296 671 vlnerum
2577 596 2722 699 691

1073 754 1199 815 Vni
1236 748 1529 835 odiisque
1572 749 1710 809 viro
1747 746 2022 833 telisque
2065 744 2508 834 frequentibus
2549 753 2822 815 instant.

1069 868 1233 945 Ille,
1276 866 1453 929 velut
1498 887 1716 952 rupes,
1761 882 2006 929 vastum
2045 890 2210 955 quae
2249 868 2467 954 prodit
2509 873 2572 931 in
2615 892 2894 959 aequor,

1070 986 1277 1051 Obvia
1318 1005 1651 1047 ventorum
1694 981 1882 1047 furiis
1921 1005 2317 1072 expostaque
2357 1004 2590 1071 ponto,

1066 1109 1208 1169 Vim
1251 1120 1548 1168 cunctam
1576 1120 1770 1192 atque
1803 1105 1996 1169 minas
2021 1100 2260 1191 perfert
2287 1105 2575 1191 caelique
2607 1108 2964 1191 marisque:

1062 1228 1215 1311 Ipsa
1254 1228 1511 1287 immota
1552 1242 1790 1285 manet.
1833 1221 2077 1286 Prolem
2125 1222 2538 1292 Dolichaonis
2579 1223 2857 1288 Hebrum

1062 1346 1300 1408 Sternit
1323 1342 1500 1408 humi
1517 1390 1535 1419 ,
1558 1364 1699 1406 cum
1721 1362 1851 1431 quo
1875 1345 2182 1432 Latagum
2206 1344 2620 1443 Palrnumque
2635 1340 2961 1433 fugacem:

1060 1464 1183 1527 Sed
1236 1466 1539 1552 Latagum
1582 1483 1736 1525 saxo
1779 1480 1979 1549 atque
2029 1465 2276 1551 ingenti
2319 1460 2634 1552 fragmine
2673 1466 2900 1535 montis

1064 1586 1359 1667 Occupat
1402 1601 1471 1643 os
1502 1556 1870 1668 ‘faciemque
1911 1578 2275 1645 adversam:
2317 1584 2569 1669 poplite
2611 1583 2894 1645 Palmum

1066 1703 1326 1763 Succiso
1370 1698 1542 1763 volvi
1590 1722 1842 1791 segnem
1883 1702 2080 1777 sinit;
2119 1720 2410 1787 armaque
2449 1704 2650 1762 Lauso
2699 1704 2704 1709 ’

1074 1823 1279 1882 Donat
1321 1818 1555 1881 habere
1594 1816 1912 1895 humeris,
1955 1838 2019 1881 et
2059 1822 2302 1883 vertice
2339 1818 2531 1909 figere
2568 1822 2824 1882 cristas.

1072 1942 1208 2000 Nec
1250 1960 1373 1999 non
1419 1935 1750 2000 Euanthen
1799 1936 2192 2029 Phrygium,
2239 1938 2615 2027 Paridisque
2655 1941 2966 2018 Mimanta

1078 2056 1417 2143 Aequalem
1459 2060 1912 2143 comitemque:
1959 2079 2085 2122 una
2122 2080 2310 2145 quem
2349 2077 2534 2121 nocte
2575 2056 2838 2121 Theano

1073 2180 1149 2238 In
1185 2175 1389 2241 lucem
1430 2177 1708 2266 genitori
1748 2181 1994 2265 Amyco
2032 2176 2250 2253 dedit,
2287 2194 2351 2239 et
2391 2172 2530 2240 face
2569 2198 2917 2267 praegnans

1069 2297 1302 2359 Cisseis
1340 2298 1563 2384 regina
1604 2298 1842 2359 Parim:
1889 2298 2067 2370 Paris
2105 2296 2262 2359 urbe
2305 2315 2571 2382 paterna

1079 2412 1404 2490 Occubat3
1450 2417 1738 2503 ignarum
1781 2418 2056 2477 Laurens
2093 2412 2286 2479 habet
2325 2435 2438 2477 ora
2477 2416 2818 2476 Mimanta.

1075 2540 1185 2597 Ac·
1214 2534 1391 2598 velut
1435 2534 1549 2598 ille
1591 2558 1818 2600 canum
1861 2556 2065 2598 morsu
2109 2534 2186 2600 de
2229 2531 2550 2598 montibus
2589 2533 2742 2596 altis

1078 2657 1281 2719 Actus
1316 2677 1498 2741 aper,
1543 2656 1783 2720 multos
1827 2655 2092 2720 Vesulus
2127 2677 2312 2743 quem
2357 2649 2595 2740 pinifer
2635 2675 2826 2716 annos

1078 2769 1421 2852 Defendit,
1466 2775 1782 2839 multosve
1814 2773 2002 2862 palus
2043 2776 2423 2849 Laurentia,
2465 2771 2630 2835 silva

1074 2895 1297 2956 Pastas
1336 2893 1720 2972 arundinea,
1761 2912 2101 2983 postquam
2138 2897 2305 2957 inter
2348 2895 2512 2956 retia
2549 2908 2806 2956 ventum
2837 2906 2966 2973 est,

1076 3010 1415 3087 Substitit,
1460 3007 1920 3099 infremuitque
1961 3009 2172 3090 ferox,
2221 3033 2285 3075 et
2318 3009 2640 3098 inhorruit
2681 3029 2916 3086 armos;

1080 3132 1213 3192 Nec
1254 3131 1552 3215 cuiquam
1593 3132 1779 3194 irasci
1822 3134 2167 3218 propiusve
2207 3130 2505 3196 accedere
2547 3133 2792 3206 virtus;

1082 3246 1203 3312 Sed
1246 3247 1470 3311 iaculis
1508 3250 1794 3335 tutisque
1836 3251 2064 3336 procul
2104 3251 2484 3320 clamoribus
2525 3253 2792 3314 instant:

1077 3368 1201 3431 Ille
1242 3385 1453 3428 autem
1500 3367 1864 3452 impavidus
1903 3392 2118 3457 partes
2157 3390 2491 3437 cunctatur
2529 3371 2600 3432 in
2639 3390 2884 3446 omnes,

1079 3487 1394 3552 Dentibus
1430 3484 1824 3566 infrendenS,
1867 3509 1929 3554 et
1975 3510 2156 3582 tergo
2197 3491 2442 3555 decutit
2483 3486 2721 3553 hastas.

1081 3605 1271 3672 Haud
1309 3605 1532 3684 aliter,
1574 3610 1783 3672 iustae
1823 3609 2062 3697 quibus
2099 3630 2191 3674 est
2235 3609 2590 3672 Mezentius
2623 3609 2795 3683 irae,

1083 3729 1226 3790 Non
1270 3726 1392 3790 ulli
1434 3744 1528 3790 est
1570 3729 1813 3790 animus
1851 3727 2082 3792 stricto
2119 3746 2498 3791 concurrere
2535 3720 2734 3787 ferro:

1080 3847 1437 3912 Missilibus
1473 3847 1698 3937 longe,
1739 3865 1802 3910 et
1851 3865 2033 3910 vasto
2068 3847 2342 3910 clamore
2382 3844 2732 3907 lacessunt.

1076 3969 1359 4032 Venerat
1402 3969 1692 4056 antiquis
1733 3964 2010 4057 Corythi
2045 3966 2124 4031 de
2162 3963 2390 4033 finibus
2431 3969 2674 4038 Acron,
