3400 5175
1026 573 1509 632 GVLEx.
1690 584 1846 659 219
2108 559 2264 662 239

386 710 467 769 Et
509 704 783 769 flammas
824 722 887 768 et
929 728 1115 769 saeva
1156 712 1371 794 quatit
1412 708 1567 775 mihi
1606 712 1871 777 verbera
1909 716 2154 792 Poena;

387 825 699 890 Cerberus
739 846 799 889 et
842 826 1003 891 diris
1040 825 1272 917 flagrat
1314 828 1652 893 latratibus
1685 852 1831 907 ora,

391 945 727 1035 Anguibus
766 945 917 1011 hinc
960 966 1156 1034 atque
1199 943 1346 1010 hinc
1388 946 1645 1013 horrent
1670 952 1780 1012 cui
1805 948 1970 1013 colla
1999 948 2270 1027 reflexis»,

360 1042 950 1153 ⁸sanguineumque
994 1068 1227 1129 micant
1267 1063 1549 1129 ardorem
1593 1066 1850 1130 luminis
1887 1067 2102 1131 orbes.

396 1183 646 1271 Ecquid
687 1182 769 1247 ab
805 1180 1016 1247 officio
1052 1182 1335 1275 digressa
1372 1202 1466 1246 est
1504 1190 1754 1275 gratia,
1795 1207 1988 1271 quum
2035 1206 2096 1247 te

398 1302 671 1364 Restitui
712 1306 959 1389 superis
1000 1303 1117 1367 leti
1158 1308 1281 1367 iam
1322 1303 1541 1365 limine
1581 1301 1661 1365 ab
1702 1296 1890 1388 ipso?

396 1423 679 1485 Praemia
714 1420 827 1487 ubi
868 1416 1174 1509 pietatis?
1212 1422 1325 1487 ubi
1368 1424 1633 1508 pietatis
1674 1413 1991 1484 honores?

398 1540 473 1601 In
516 1562 713 1603 vanas
752 1540 966 1604 abiere
1006 1544 1221 1619 vices3
1266 1563 1329 1605 et
1370 1564 1519 1605 rure
1560 1543 1818 1604 recessit

397 1658 687 1735 Iustitia,
727 1676 791 1722 et
833 1662 1008 1746 prior
1051 1660 1165 1724 illa
1208 1660 1425 1723 Fides.
1482 1660 1800 1721 Instantis
1840 1654 1976 1719 vidi

401 1778 722 1855 Alterius,
761 1783 899 1843 sine
937 1796 1229 1867 respectu
1274 1802 1409 1842 mea
1449 1776 1587 1843 fata
1627 1778 2030 1863 relinquens;

346 1933 357 1945 ·
402 1896 501 1963 Ad
540 1898 769 1984 pariles
806 1920 959 1989 agor
999 1918 1299 1973 eventus3
1344 1896 1411 1961 fit
1456 1920 1655 1984 poena
1700 1896 1992 1969 merenti,

406 2019 612 2080 Poena
646 2014 713 2079 fit
756 2019 1063 2079 exitium:
1107 2016 1291 2080 modo
1328 2020 1413 2078 sit
1454 2016 1603 2079 dum
1642 2036 1824 2106 grata
1867 2003 2193 2077 voluntas!

406 2138 687 2198 Exsistat
732 2158 841 2220 par
883 2131 1188 2199 officium!
1231 2140 1423 2200 Feror
1464 2139 1609 2199 avia
1648 2158 1952 2223 carpens,

407 2257 567 2317 Avia
606 2258 973 2319 Cimmerios
1012 2257 1181 2317 inter
1222 2253 1529 2319 distantia
1572 2255 1784 2327 lucos;

406 2378 574 2454 Quos
614 2376 787 2437 circa
828 2378 1056 2453 tristes·
1084 2372 1425 2437 densentur
1470 2377 1533 2435 in
1573 2376 1784 2435 omnia
1825 2390 2096 2458 poenae.

406 2494 563 2555 Nam
604 2494 856 2555 vinctus
895 2490 1068 2555 sedet
1114 2494 1402 2555 immanis
1440 2492 1838 2579 serpentibus
1878 2494 2065 2563 Otos,

408 2613 787 2676 Devinctum
831 2632 1099 2674 maestus
1140 2613 1361 2698 procul
1402 2613 1759 2698 adspiciens
1797 2608 2174 2694 Ephialtem

412 2735 643 2794 Conati
680 2753 872 2818 quum
916 2733 1040 2794 sint
1082 2731 1403 2818 quondam
1444 2729 1799 2796 rescindere
1837 2724 2166 2790 mundum:

415 2855 495 2912 Et
538 2853 805 2938 Tityos,
848 2853 1121 2927 Latona,
1165 2869 1313 2914 tuae
1360 2873 1585 2914 memor
1622 2851 1852 2911 anxius
1892 2848 2058 2918 irae,

366 2963 858 3058 (Implacabilis
902 2972 993 3033 ira
1028 2965 1293 3052 nimisi)
1336 2973 1503 3034 iacet
1546 2969 1720 3034 alitis
1760 2987 1932 3030 esca.

416 3095 717 3165 Terreor,
760 3085 873 3152 ah!
920 3093 1115 3152 tantis
1158 3094 1451 3153 insistere
1494 3104 1736 3150 terreor
1781 3081 2046 3154 umbris,

420 3208 515 3272 Ad
558 3212 819 3298 Stygias
864 3229 1197 3273 revocatus
1236 3231 1460 3295 aquas.
1512 3211 1635 3268 vix
1674 3206 1940 3268 ultimus
1979 3201 2144 3262 amni

420 3331 677 3402 Restat,
720 3345 1040 3392 nectareas
1082 3327 1293 3391 divfim
1332 3329 1447 3414 qui
1484 3324 1770 3412 prodidit
1810 3345 2016 3394 escas,

423 3450 719 3510 Gutturis
758 3451 993 3510 arentis
1035 3449 1365 3512 revolutus
1412 3452 1475 3510 in
1514 3448 1724 3508 omnia
1767 3465 1978 3506 sensu.

422 3563 627 3646 Quid,
665 3589 883 3630 saxum
930 3567 1151 3652 procul
1192 3565 1457 3631 adverso
1494 3569 1609 3653 qui
1650 3583 1856 3627 monte
1896 3560 2199 3632 remittit,

421 3687 697 3748 Numina
738 3690 1141 3749 contemsisse
1180 3684 1361 3750 dolor
1398 3707 1586 3772 quem
1628 3685 1829 3747 vincit
1867 3679 2131 3744 acerbus

424 3807 570 3866 Otia
611 3823 1017 3890 quaerentem
1061 3798 1341 3869 frustra?
1390 3805 1607 3866 Belive
1651 3801 1931 3889 puellas,

422 3923 583 3987 Dira
622 3923 859 4010 quibus
898 3923 1115 3990 taedas
1156 3923 1449 3990 accendit
1490 3921 1774 4010 pronuba
1815 3920 2088 4004 Erinnys
