3400 5175
811 640 1280 697 Anxurnos
1343 643 1516 697 mn.
1583 648 1791 704 vm.
1910 624 2071 703 215
2194 626 2297 727 75

401 783 694 843 Discessu
735 779 992 867 mugire
1031 775 1257 852 boves,
1297 792 1494 863 atque
1527 799 1713 842 omne
1752 778 2032 868 querelis

405 898 666 985 Impleri
710 919 968 973 nemus,
1011 915 1075 957 et
1115 894 1312 959 colles
1352 894 1626 961 clamore
1671 898 1983 988 relinqui.

405 1015 715 1081 Reddidit
757 1038 890 1077 una
933 1013 1126 1079 boum
1169 1035 1422 1090 vocem,
1467 1036 1774 1105 vastoque
1818 1020 1936 1085 sub
1979 1042 2165 1090 antro

407 1138 684 1225 Mugiit,
730 1153 796 1197 et
837 1136 992 1199 Caci
1032 1155 1202 1219 spem
1245 1134 1566 1199 custodita
1607 1134 1874 1201 fefellit.

405 1256 524 1317 mc
561 1275 719 1315 vero
763 1251 1036 1317 Alcidae
1077 1248 1267 1315 furiis
1308 1272 1633 1318 exarserat
1675 1275 1817 1321 atro

408 1373 580 1437 Fene
623 1372 850 1437 dolor:
893 1376 1064 1459 rapit
1105 1394 1280 1435 arma
1323 1395 1541 1451 manu,
1586 1374 1899 1464 nodisque
1938 1397 2269 1469 gravatum

414 1491 666 1569 Robur3
713 1510 778 1555 et
817 1494 972 1555 aerii
1016 1514 1208 1556 cursu
1247 1496 1414 1579 petit
1448 1494 1646 1559 ardua
1684 1500 1945 1559 montis.

411 1617 562 1675 Tum
607 1615 886 1702 primum
933 1618 1133 1677 nostri
1178 1618 1412 1679 Cacum
1456 1613 1680 1678 videre
1722 1618 2085 1692 timentem,

415 1731 902 1822 Turbatumque
943 1734 1175 1799 oculis,
1227 1736 1421 1825 Fugit
1463 1735 1646 1798 ilicet
1685 1738 1861 1799 ocior
1896 1758 2085 1813 euro,

424 1852 934 1942 speluncamque
972 1858 1172 1941 petit:
1215 1853 1488 1941 pedibus
1529 1859 1719 1919 timor
1754 1854 2004 1920 addidit
2045 1854 2211 1921 alas.

417 1976 500 2035 Vt
538 1994 674 2035 sese
711 1972 1008 2050 inclusit,
1053 1975 1397 2064 ruptisque
1436 1978 1704 2040 immane
1742 1980 1984 2041 catenis

415 2094 666 2155 Deiecit
710 2114 965 2169 saxum,
1005 2088 1175 2155 ferro
1215 2093 1388 2181 quod
1433 2112 1494 2157 et
1537 2115 1673 2160 arte
1718 2114 1983 2183 paterna

423 2210 781 2290 Pendebat,
819 2208 1150 2300 fultosque
1189 2215 1460 2278 emuniit
1499 2212 1712 2279 obiice
1752 2234 1998 2303 poste83

424 2334 586 2395 Ecce
629 2328 848 2397 furens
891 2335 1122 2397 animis
1164 2332 1383 2398 aderat
1425 2330 1843 2423 Tirynthius,
1885 2354 2259 2426 omnemque

424 2454 762 2515 Accessum
807 2452 1081 2515 lustrans
1123 2450 1251 2517 huc
1292 2476 1402 2517 ora
1443 2450 1690 2517 ferebat
1727 2471 1790 2516 et
1832 2455 2025 2533 illuc,

427 2570 747 2636 Dentibus
791 2566 1193 2636 infrendens.
1235 2576 1360 2638 Ter
1397 2590 1602 2637 totum
1643 2569 1933 2638 fervidus
1972 2578 2071 2639 ira

427 2693 682 2754 Lustrat
729 2693 1036 2756 Aventini
1081 2711 1391 2772 montem3
1437 2709 1531 2754 ter
1571 2713 1759 2756 saxea
1792 2707 1999 2754 tentat

421 2814 668 2874 Limina
713 2811 1184 2900 nequidquam3
1227 2829 1326 2876 ter
1364 2807 1564 2875 fessus
1603 2809 1773 2875 valle
1814 2809 2087 2874 resedit.

423 2929 642 2995 Stabat
687 2949 882 2995 acuta
929 2932 1130 3011 silex,
1170 2935 1476 3019 praecisis
1513 2929 1803 3018 undique
1841 2932 2043 3010 saxis,

425 3050 778 3135 Speluncae
821 3049 1008 3114 dorso
1051 3055 1416 3143 insurgens,
1459 3049 1770 3115 altissima
1808 3054 1991 3132 visu3

425 3171 725 3266 Dirarunt
767 3170 934 3236 nidis
974 3172 1194 3238 domus
1227 3185 1594 3260 opportuna
1623 3171 1993 3236 volucrum.

435 3291 614 3353 Hanc
634 3336 654 3368 ,
681 3307 754 3353 ut
779 3313 980 3377 prona
1009 3298 1166 3384 iugo
1192 3293 1442 3358 laevum
1479 3290 1882 3357 incumbebat
1922 3291 2002 3356 ad
2046 3315 2327 3378 amnem,

427 3409 670 3474 Dexter
713 3413 778 3473 in
823 3412 1153 3478 adversum
1199 3417 1407 3477 nitens
1449 3414 1805 3491 concussit,
1848 3430 1911 3477 et
1955 3414 2097 3476 imis

427 3529 730 3594 Avulsam
774 3532 966 3596 solvit
1009 3532 1370 3612 radicibus3
1413 3531 1562 3596 inde
1604 3550 1864 3620 repente

429 3649 728 3735 Impulit:
773 3653 1054 3738 impulsu
1098 3676 1226 3743 quo
1271 3655 1576 3716 maximus
1615 3655 1872 3715 insonat
1914 3645 2165 3726 aether,

430 3769 796 3834 Dissultant
841 3775 1048 3860 ripae,
1091 3767 1436 3860 refluitque
1472 3772 1819 3835 exterritus
1860 3771 2089 3832 amuis.

437 3892 518 3950 At
545 3911 809 3976 specus,
852 3909 918 3955 et
959 3897 1110 3957 Caci
1151 3892 1407 3956 detecta
1447 3891 1755 3979 apparuit
1798 3888 2021 3978 ingens

429 4007 672 4100 Regia,
711 4027 776 4075 et
819 4009 1145 4079 umbrosae
1181 4015 1436 4100 penitus
1475 4027 1747 4097 patuere
1786 4025 2129 4073 cavernaer
