3400 5175
33 451 41 460 =
17 116 25 371 v-——-—-
17 10 33 86 ,Ἰν-

1105 691 1249 797 198
1721 712 2392 769 1³.vrrtc11.11
2679 690 2831 771 132

1184 844 1598 933 Invalidique
1636 866 1846 921 senes„
1887 862 2093 907 turres
2127 863 2189 907 et
2235 864 2409 909 tecta
2447 844 2770 913 domorum

1182 965 1532 1030 obsederet
1572 965 1689 1028 alii
1732 966 1932 1050 portis
1975 962 2356 1028 sublimibus
2395 964 2683 1030 adstant.

1280 1090 1366 1146 At
1405 1088 1565 1147 Iuno
1605 1106 1640 1145 e
1682 1106 1952 1159 summo,
1992 1085 2106 1170 qui
2145 1106 2310 1147 nunc
2355 1084 2644 1151 Albanus
2683 1084 2987 1166 habetur,

1133 1196 1343 1291 (Tum
1375 1224 1579 1289 neque
1606 1224 1830 1265 nomeu
1847 1218 1983 1263 erat
2003 1247 2021 1277 ,
2049 1223 2162 1265 uec
2189 1202 2410 1281 honos,
2435 1222 2550 1269 aut
2579 1205 2788 1294 gloria
2813 1206 3052 1293 monti)

1182 1324 1577 1405 Prospiciene
1620 1320 1871 1383 tumulo
1911 1342 2196 1404 campum
2235 1321 2681 1409 adspectabat,
2722 1344 2786 1388 et
2809 1325 3053 1405 ambas,

1179 1442 1567 1502 Laurentum
1610 1442 2008 1525 Troumque,
2047 1442 2250 1518 acies,
2293 1439 2640 1530 urbemque
2676 1446 2924 1508 Latini.

1179 1558 1518 1645 Extemplo
1558 1562 1762 1622 Turni
1801 1560 1892 1621 sic
1935 1574 2030 1619 est
2072 1555 2288 1621 adfata
2327 1580 2633 1636 sororem,

1180 1679 1345 1739 Diva
1382 1675 1599 1755 deam,
1638 1680 1881 1767 stagnis
1921 1696 2090 1763 quae
2129 1673 2628 1763 fluminibusque
2662 1678 2908 1740 sonoris

1181 1795 1537 1873 Praesidet3
1583 1795 1754 1859 hunc
1797 1795 1898 1871 illi
1938 1816 2052 1857 rex
2091 1792 2366 1857 aetheris
2403 1794 2573 1857 altus
2613 1791 2910 1859 honorem

1181 1918 1477 2001 Iuppiter
1514 1934 1734 2001 erepta
1771 1937 1888 2002 pro
1930 1915 2312 2003 virginitate
2351 1915 2660 1977 sacravit:

1180 2030 1513 2120 Nympha,
1552 2033 1744 2100 decus
1783 2031 2155 2108 fluviorum,
2183 2034 2392 2095 animo
2419 2033 2780 2119 gratissima
2809 2049 3051 2113 nostro,

1180 2154 1354 2228 Scis,
1396 2171 1467 2216 ut
1507 2172 1571 2215 te
1609 2159 1862 2217 cunctis
1905 2173 2134 2229 unam,
2172 2171 2610 2237 quaecumque
2652 2153 2919 2214 Latinae

1184 2275 1577 2361 Magnanimi
1617 2276 1788 2335 Iovis
1828 2274 2153 2361 ingratum
2197 2268 2576 2334 adscendere
2613 2268 2860 2347 cubile,

1180 2392 1623 2469 Praetulerim,
1658 2392 1954 2479 caelique
1992 2389 2218 2454 lubens
2255 2392 2323 2452 in
2365 2406 2544 2475 parte
2582 2387 2885 2452 locatim:

1180 2511 1365 2571 Disce
1404 2530 1622 2589 tuum,
1661 2533 1737 2574 ne
1781 2533 1877 2573 me
1916 2514 2200 2585 incuseS,
2243 2512 2542 2583 Iuturna,
2583 2505 2858 2573 dolorem
2886 2552 2904 2571 .

1181 2635 1318 2710 Qua
1360 2632 1501 2694 visa
1540 2649 1633 2694 est
1678 2634 1963 2693 Fortuna
2003 2629 2173 2712 pati,
2211 2629 2571 2712 Parcaeque
2609 2625 2899 2690 sinebant

1178 2749 1423 2813 Cedere
1457 2771 1555 2813 rea
1594 2751 2134 2826 Latio,'Turnum
2175 2763 2242 2810 et
2283 2764 2396 2808 tua
2435 2747 2678 2809 moenia
2720 2751 2889 2809 texi:

1175 2843 1363 2930 Nunc
1398 2868 1693 2930 iuvenem
1733 2864 2091 2952 imparibus
2126 2863 2314 2928 video
2355 2885 2728 2931 concurrere
2768 2861 2952 2942 fatis;

1174 2987 1642 3070 Parcarumque
1677 2983 1814 3046 dies
1849 3000 1912 3047 et
1952 2985 2050 3046 vis
2089 2985 2348 3047 inimica
2387 2985 2811 3071 propinquat.

1175 3105 1315 3166 Non
1332 3125 1603 3193 pugnam
1616 3101 1938 3188 adspicere
1953 3099 2116 3165 hanc
2133 3103 2362 3179 oculis,
2375 3124 2498 3165 non
2513 3097 2768 3166 foedera
2784 3123 3047 3190 possum.

1176 3224 1303 3298 Tu,
1347 3244 1460 3307 pro
1498 3243 1796 3312 germano
1837 3224 1889 3284 si
1930 3220 2092 3309 quid
2130 3224 2526 3309 praesentius
2567 3221 2792 3297 audeS,

1173 3344 1410 3429 Perge3
1451 3339 1671 3403 decet.
1723 3343 1958 3404 Forsan
2003 3344 2260 3404 miseros
2299 3340 2564 3404 meliora
2601 3356 2978 3428 sequentur.

1177 3460 1303 3520 Vix
1345 3479 1451 3520 ea:
1494 3479 1693 3546 quum
1735 3459 2048 3547 lacrymas
2083 3461 2288 3524 oculis
2329 3463 2605 3524 Iuturna
2648 3455 2975 3547 profudit;

1178 3581 1428 3664 Terque
1466 3596 1826 3666 quaterque
1869 3601 2050 3644 manu
2093 3599 2317 3664 pectus
2345 3579 2653 3666 percussit
2691 3575 3053 3641 honestum.

1176 3698 1315 3758 Non
1358 3694 1659 3784 lacrymis
1697 3693 1816 3760 hoc
1855 3713 2137 3783 tempus,
2181 3701 2274 3760 ait
2316 3697 2618 3760 Saturnia
2659 3697 2848 3758 Iuno:

1177 3813 1511 3891 Accelera,
1554 3833 1617 3877 et
1655 3812 1944 3892 fratrem,
1983 3818 2038 3877 si
2073 3817 2216 3902 quis
2257 3815 2508 3894 modus,
2548 3815 2724 3900 eripe
2761 3815 2975 3876 mortit

1177 3938 1301 3996 Aut
1346 3953 1415 3995 tu
1454 3933 1623 3996 bella
1666 3935 1801 4010 cie,
1839 3953 2341 4022 conceptumque
2381 3951 2614 3998 excute
2654 3929 2914 3996 foedus.

1176 4055 1418 4117 Auctor
1458 4075 1577 4144 ego
1617 4051 1924 4119 audendi.
1973 4057 2079 4119 Sic
2118 4054 2460 4120 exhortata
2495 4051 2762 4139 reliquit
