3400 5175
1023 584 1132 688 34
1689 611 1760 664 P.
1861 610 2399 665 vrno1L11
2638 588 2795 694 859

1121 744 1338 827 Atque
1383 738 1488 803 hic
1533 745 1816 822 Aeneas;
1862 766 1989 807 una
2032 764 2305 829 namque
2348 745 2441 806 ire
2484 742 2747 809 videbat

1131 864 1476 951 Egregium
1520 858 1721 926 forma
1764 866 2057 929 iuvenem
2100 880 2161 925 et
2202 859 2605 952 fulgentibus
2646 868 2875 941 armis,

1127 980 1251 1044 Sed
1299 978 1474 1045 frons
1517 982 1689 1046 laeta
1731 1006 1984 1073 parum,
2028 1002 2090 1047 et
2134 982 2387 1047 deiecto
2430 982 2671 1046 lumina
2714 984 2931 1048 vultu:

1125 1103 1314 1180 Quis,
1359 1121 1574 1189 pater,
1616 1102 1763 1181 ille,
1806 1106 2013 1167 virum
2056 1105 2171 1191 qui
2211 1106 2301 1165 sic
2342 1105 2685 1166 comitatur
2726 1100 3036 1167 euntem?

1126 1214 1378 1283 Filius?
1416 1244 1575 1285 anne
1619 1222 1857 1310 aliquis
1900 1244 2121 1313 magna
2164 1220 2243 1285 de
2278 1226 2480 1311 stirpe
2526 1216 2876 1309 nepotum?

1121 1334 2892 1428 Quistrepituscircacomitumlquantuminstarinipso
2911 1332 3033 1405 esti

1125 1458 1246 1523 Sed
1291 1483 1414 1522 nox
1459 1480 1602 1523 atra
1642 1479 1840 1547 caput
1888 1462 2059 1523 tristi
2095 1461 2517 1524 circumvolat
2557 1459 2819 1524 umbra.

1126 1584 1285 1643 Tum
1329 1600 1515 1667 pater
1555 1578 1895 1657 Anchises,
1933 1580 2237 1669 lacrymis
2280 1582 2600 1669 ingressus
2640 1577 2915 1643 obortis:

1129 1703 1181 1760 O
1221 1722 1446 1791 gnate,
1490 1704 1813 1790 ingentem
1849 1700 2093 1765 luctum
2140 1722 2215 1762 ne
2254 1720 2489 1786 quaere
2532 1717 2819 1761 tuorum:

1127 1820 1476 1884 Ostendent
1521 1824 1707 1885 terris
1744 1819 1912 1885 hunc
1960 1838 2207 1883 tantum
2254 1815 2423 1897 fata„
2470 1840 2677 1905 neque
2717 1816 2891 1880 ultra

1129 1943 1277 2003 Esse
1317 1941 1558 2006 sinent.
1605 1944 1887 2005 Nimium
1933 1938 2113 2005 vobis
2158 1942 2435 2003 Romana
2475 1960 2758 2028 propago

1131 2061 1283 2121 Visa
1330 2079 1587 2149 potens,
1629 2063 1891 2147 Superi,
1934 2061 2197 2147 propria
2238 2056 2395 2123 haec
2434 2061 2489 2121 si
2528 2058 2693 2122 dona
2734 2054 3033 2120 fuissent.

1131 2181 1415 2257 Quantos
1456 2178 1570 2242 ille
1613 2174 1815 2242 virum
1859 2200 2149 2270 magnam
2198 2180 2510 2241 Mavortis
2549 2177 2627 2240 ad
2674 2175 2897 2241 urbem

1139 2300 1408 2385 Campus
1452 2315 1597 2389 aget
1642 2293 1959 2388 gemitus!
2001 2298 2107 2361 vel
2150 2320 2351 2386 quae,
2394 2296 2735 2374 Tiberine,
2778 2295 3035 2361 videbis

1131 2421 1412 2496 Funera,
1457 2440 1656 2506 quum
1693 2417 2009 2481 tumulum
2055 2417 2526 2504 praeterlabere
2570 2414 2919 2483 recentem!

1134 2540 1265 2602 Nec
1310 2560 1467 2625 puer
1507 2538 1711 2604 Iliaca
1752 2541 2094 2628 quisquam
2139 2538 2217 2603 de
2262 2554 2451 2630 gente
2490 2540 2744 2602 Latinos

1129 2659 1200 2720 In
1243 2675 1491 2721 tantum
1530 2679 1641 2745 spe
1683 2657 1870 2721 tollet
1909 2681 2091 2722 avos:
2135 2680 2249 2722 nec
2297 2659 2565 2724 Romula
2608 2625 2997 2748 quondam·

1128 2777 1272 2842 Vllo
1315 2801 1376 2840 se
1415 2797 1661 2840 tantum
1708 2777 1901 2842 tellus
1944 2777 2216 2842 iactabit
2268 2778 2555 2842 alumno.

1127 2900 1266 2960 Heu
1311 2899 1554 2986 pietas,
1597 2895 1721 2960 heu
1765 2900 1971 2984 prisca
2017 2897 2201 2977 fides,
2241 2902 2618 2987 invictaque
2658 2897 2829 2962 bello

1124 3012 1435 3080 Dextera!
1477 3039 1602 3080 non
1643 3017 1747 3080 illi
1786 3041 1851 3080 se
1892 3021 2235 3107 quisquam
2279 3022 2535 3107 impune
2577 3019 2829 3081 tulisset

1121 3133 1367 3199 Obvius
1409 3155 1688 3213 armato,
1734 3160 1841 3200 seu
1885 3160 2086 3225 quum
2128 3139 2321 3226 pedes
2359 3142 2484 3202 iret
2525 3140 2591 3203 in
2628 3135 2871 3200 hostem
2900 3183 2919 3214 ,

1123 3259 1248 3319 Seu
1293 3258 1648 3343 spumantis
1689 3259 1840 3345 equi
1884 3254 2131 3322 foderet
2174 3259 2537 3323 calcaribus
2577 3281 2813 3322 armos,

1119 3379 1293 3452 Heu,
1335 3373 1684 3440 miserande
1728 3370 1917 3464 puer!
1955 3380 2009 3440 si
2049 3400 2177 3465 qua
2219 3374 2356 3441 fata
2400 3398 2618 3462 aspera
2660 3395 2951 3461 rumpas,

1117 3497 1213 3556 Tu
1257 3495 1603 3560 Marcellus
1643 3501 1807 3560 eris.
1846 3495 2151 3560 Manibus
2194 3495 2345 3560 date
2387 3495 2533 3558 lilia
2574 3493 2810 3581 plenis:

1115 3617 1474 3702 Purpureos
1515 3639 1808 3708 spargam
1852 3615 2074 3693 flores,
2122 3617 2521 3703 animamque
2564 3615 2816 3700 nepotis

1109 3735 1225 3796 His
1263 3735 1491 3798 saltem
1536 3735 1937 3799 accumulem
1980 3735 2197 3813 donis,
2230 3754 2295 3798 et
2337 3732 2569 3823 fungar
2614 3733 2791 3794 inani

1111 3857 1409 3918 Munere.
1454 3858 1558 3918 Sic
1605 3873 1745 3918 tota
1790 3859 2015 3941 passim
2067 3858 2324 3944 regione
2362 3869 2680 3943 vagantur

1110 3973 1289 4036 Aeris
1327 3976 1391 4036 in
1433 3977 1672 4061 campis
1716 3973 1898 4052 latis,
1950 3994 2151 4064 atque
2192 3977 2401 4039 omnia
2445 3972 2757 4036 lustrant.
