3400 5175
1813 441 1834 481 Ι

942 630 1101 715 174
1578 634 1654 686 ι».
1749 630 2293 688 vincinn
2530 630 2685 712 4¹¹

1026 769 1095 831 Si
1134 764 1373 829 nullam
1411 766 1639 828 nostris
1675 763 1849 826 ultra
1883 784 2056 850 spem
2095 764 2280 847 ponis
2320 766 2386 825 in
2425 765 2654 839 armis;

1028 886 1099 948 si
1140 902 1269 947 tam
1306 882 1540 947 deserti
1580 904 1834 957 sumus,
1876 899 1939 943 et
1981 880 2175 943 semel
2213 884 2465 969 agmine
2505 902 2686 943 verso

1026 1001 1345 1067 Funditus
1385 998 1768 1073 occidimus,
1796 1018 2000 1087 neque
2021 996 2215 1063 habet
2242 1003 2521 1064 Fortuna
2543 1020 2919 1090 regressum

1027 1126 1293 1186 oremus
1328 1142 1579 1208 pacem,
1618 1136 1681 1179 et
1725 1118 1990 1181 dextras
2034 1118 2366 1183 tendamus
2403 1122 2677 1185 inertes.

1026 1245 1426 1327 Quamquam
1466 1260 1538 1313 o,
1580 1239 1634 1299 si
1674 1235 1903 1299 solitae
1940 1235 2296 1324 quidquam
2335 1240 2600 1301 virtutis
2637 1236 2925 1316 adesset,

1031 1360 1157 1424 Ille
1202 1354 1357 1423 mihi
1391 1373 1541 1419 ante
1584 1352 1747 1419 alios
1786 1349 2290 1442 fortunatusque
2329 1354 2614 1419 laborum

1026 1481 1476 1569 Egregiusque
1517 1477 1745 1552 animi,
1785 1475 1939 1564 qui,
1981 1491 2060 1537 ne
2097 1474 2260 1563 quid
2301 1476 2432 1537 tale
2472 1474 2722 1538 videret
2748 1520 2768 1551 ‚

1029 1596 1387 1663 Procubuit
1429 1596 1739 1671 moriens,
1776 1611 1840 1657 et
1881 1589 2140 1657 humum
2179 1594 2373 1657 semel
2404 1614 2514 1657 ore
2554 1592 2926 1669 momordit,

1031 1720 1147 1783 Sin
1185 1734 1250 1781 et
1292 1737 1446 1803 opes
1487 1712 1709 1791 nobis,
1745 1728 1810 1775 et
1851 1710 2060 1776 adhuc
2099 1715 2351 1775 intacta
2387 1714 2724 1787 iuventus,

1031 1834 1429 1923 luzilioque
1466 1832 1655 1898 urbes
1696 1831 1904 1895 Italae
1942 1832 2303 1923 populique
2340 1849 2721 1918 supersunt3

1031 1958 1146 2018 Sin
1181 1971 1245 2017 et
1286 1954 1581 2016 Troianis
1620 1973 1768 2015 cum
1809 1948 2018 2016 multo
2055 1951 2270 2042 gloria
2311 1953 2492 2013 venit

1032 2076 1401 2163 Sanguine3
1442 2089 1722 2158 suntque
1759 2070 1894 2133 illis
1929 2088 2043 2133 sua
2081 2063 2337 2142 funera,
2367 2084 2613 2152 parque
2643 2080 2756 2148 per
2779 2078 2991 2122 omnes

1032 2198 1446 2280 Tempestas;
1487 2212 1603 2255 cur
1646 2190 1978 2254 indecores
2016 2190 2084 2252 in
2126 2185 2352 2250 limine
2394 2186 2597 2271 primo

1032 2303 1424 2377 Deficimus?
1458 2331 1575 2373 cur
1618 2326 1769 2371 aute
1811 2308 2032 2372 tubam
2073 2324 2306 2369 tremor
2342 2320 2616 2391 occupat
2658 2290 2875 2364 artus?

1035 2430 1253 2497 Multa
1288 2430 1427 2495 dies
1462 2430 1757 2516 variique
1797 2424 1982 2491 labor
2025 2422 2356 2489 mutabilis
2395 2423 2565 2484 aevi-

1036 2550 1329 2618 Rettulit
1368 2554 1435 2615 in
1477 2547 1733 2614 melius:
1775 2545 2008 2610 multos
2049 2542 2300 2606 alterna
2341 2541 2616 2604 revisens

1038 2673 1251 2748 Lusit,
1288 2687 1355 2734 et
1394 2672 1461 2733 in
1504 2666 1710 2731 solido
1747 2687 1963 2728 rursus
2004 2666 2289 2726 Fortuna
2325 2660 2600 2724 locavit.

1034 2793 1183 2856 ‘Non
1220 2794 1347 2856 erit
1376 2787 1641 2852 ,auxilio
1684 2783 1866 2850 nobis
1909 2781 2176 2846 Aetolus
2211 2799 2277 2844 et
2319 2780 2504 2865 Arpi:

1036 2903 1129 2974 At
1170 2915 1501 2994 Messapus
1542 2907 1701 2982 erit,
1738 2900 2035 2988 felixque
2074 2898 2486 2972 Tolumnius,
2522 2909 2588 2960 et
2620 2914 2783 2981 quos

1040 3032 1165 3092 Tot
1208 3027 1434 3115 populi
1476 3029 1697 3089 misere
1729 3022 1958 3097 duces;
2001 3040 2114 3082 nec
2157 3016 2347 3081 tarda
2383 3030 2689 3104 sequetur

1040 3146 1266 3210 Gloria
1303 3144 1585 3209 delectos
1622 3143 1806 3205 Latio
1847 3157 1912 3201 et
1955 3135 2380 3200 Laurentibus
2420 3135 2625 3223 agris.

1042 3269 1156 3330 Est
1192 3283 1258 3328 et
1299 3263 1671 3328 Volscorum
1709 3260 1970 3349 egregia
2007 3254 2084 3319 de
2127 3272 2316 3345 gente
2355 3249 2656 3324 Camilla,

1041 3389 1293 3474 Agmen
1332 3403 1527 3472 agens
1563 3382 1892 3468 equitum,
1928 3392 1995 3438 et
2029 3371 2326 3437 florentes
2363 3392 2503 3433 aere
2545 3385 2866 3432 catervas.

1042 3502 1229 3585 Quod
1270 3503 1323 3565 si
1364 3523 1459 3564 me
1497 3500 1697 3564 solum
1736 3496 1971 3560 Teucri
2010 3495 2076 3556 in
2113 3493 2470 3556 certamina
2507 3504 2816 3575 poscunt,

1041 3623 1251 3712 quue
1280 3621 1525 3709 placet,
1555 3635 1934 3706 tantumque
1958 3610 2140 3677 bonis
2165 3604 2602 3674 communibus
2622 3603 2845 3678 obsto;

1044 3747 1193 3808 Non
1232 3739 1393 3805 adeo
1432 3736 1545 3803 has
1578 3759 1776 3801 exosa
1813 3755 2026 3800 manus
2071 3731 2365 3794 Victoria
2401 3723 2612 3817 fugit,

1045 3863 1133 3924 Vt
1178 3875 1358 3922 tanta
1394 3852 1747 3944 quidquam
1787 3874 1902 3940 pro
1941 3873 2050 3939 spe
2087 3866 2332 3914 tentare
2373 3865 2684 3910 recusem.

1044 3979 1163 4044 Ibo
1190 3977 1411 4041 animis
1437 3990 1693 4039 contrat
1721 3972 1829 4037 vel
1858 3992 2156 4063 magnum
2188 3984 2472 4057 praestet
2503 3961 2854 4036 Achillem,
