3400 5175
991 556 1096 630 62
1640 574 1713 627 Ρ.
1808 571 2344 627 v1nc1n11
2582 554 2732 655 691

1183 712 1267 771 At
1309 710 1682 793 Messapus,
1726 702 1959 795 equum
2000 704 2313 783 domitor,
2354 706 2680 793 Neptunia
2722 710 2963 795 proles,

1090 833 1290 910 Quem
1331 849 1539 915 neque
1579 822 1676 889 fas
1711 828 1848 915 igni
1882 828 2183 912 cuiquam
2226 848 2340 890 nee
2380 844 2659 891 sternere
2696 825 2899 909 ferro,

1087 952 1222 1013 Iam
1265 944 1507 1035 pridem
1555 945 1788 1009 resides
1826 945 2129 1031 populos,
2168 944 2561 1034 desuetaque
2600 946 2773 1011 bello

1095 1072 1408 1160 Agmina,
1445 1068 1514 1129 in
1553 1087 1725 1129 arma
1764 1083 1952 1129 vocat
1973 1062 2221 1141 subito,
2256 1060 2622 1153 ferrumque
2645 1084 2996 1133 retractat-

1097 1191 1184 1251 Hi
1231 1188 1643 1250 Fescenninas
1685 1187 1887 1261 acies,
1932 1189 2312 1273 Aequosque
2354 1185 2667 1265 Faliscos3

1095 1312 1182 1371 Hi
1223 1309 1498 1370 Soractis
1543 1302 1783 1370 habent
1824 1327 2027 1381 arces,
2071 1304 2491 1393 Flaviniaque
2534 1328 2723 1383 arva,

1099 1430 1182 1491 Et
1227 1429 1464 1490 Cimini
1500 1447 1642 1489 cum
1687 1443 1897 1489 monte
1936 1425 2183 1500 lacum,
2226 1422 2536 1513 lucosque
2574 1429 2892 1513 Capenos.

1101 1546 1292 1611 Ibant
1333 1548 1598 1633 aequati
1639 1565 1931 1621 numero,
1966 1566 2313 1634 regemque
2348 1544 2698 1610 canebant:

1102 1668 1236 1730 Ceu
1273 1664 1593 1755 quondam
1631 1666 1805 1727 nivei
1840 1663 2095 1751 liquida
2136 1668 2304 1728 inter
2344 1664 2568 1729 nubila
2606 1667 2832 1754 cycni,

1107 1789 1312 1865 Quum
1349 1807 1483 1849 sese
1524 1806 1560 1847 e
1603 1801 1789 1870 pastu
1832 1780 2153 1862 referunt,
2188 1802 2253 1847 et
2292 1783 2485 1875 longa
2524 1805 2785 1847 canoros

1107 1906 1278 1966 Dant
1319 1925 1429 1991 per
1471 1903 1640 1967 colla
1685 1903 1934 1982 modos,
1974 1922 2152 1968 sonat
2198 1907 2433 1983 amnis,
2472 1922 2536 1967 et
2573 1905 2721 1966 Asia
2762 1903 2952 1993 longe

1110 2022 1302 2088 Pulsa
1341 2022 1559 2111 palus.

1109 2146 1247 2207 ‘Nec
1291 2145 1630 2231 quisquam
1671 2156 1919 2204 aeratas
1960 2143 2128 2205 acies
2162 2163 2239 2205 ex
2283 2144 2533 2233 agmine
2573 2158 2760 2205 tanto

1112 2264 1378 2325 Misceri
1421 2278 1642 2348 putet:
1683 2262 1919 2325 aeriam
1951 2259 2059 2323 sed
2102 2264 2359 2352 gurgite
2396 2260 2475 2325 ab
2516 2261 2652 2325 alto

1114 2384 1343 2472 Vrgeri
1383 2381 1713 2444 volucrum
1753 2401 2073 2443 raucarum
2118 2378 2196 2444 ad
2242 2382 2435 2444 litora
2478 2380 2739 2445 nubem.

1218 2504 1420 2579 Ecce,
1459 2499 1833 2563 Sabinorum
1870 2502 2080 2587 prisco
2116 2498 2196 2562 de
2235 2500 2577 2592 sanguine,
2616 2520 2907 2590 magnum

1115 2623 1360 2712 Agmen
1387 2642 1582 2710 agens,
1601 2620 1873 2684 Clausus
1894 2665 1912 2697 ,
1940 2623 2283 2710 magnique
2310 2622 2447 2707 ipse
2476 2623 2746 2712 agminis
2772 2625 3009 2698 instar,

1115 2740 1388 2805 Claudia
1431 2763 1596 2805 nunc
1638 2764 1673 2804 a
1714 2763 1847 2828 quo
1884 2737 2277 2805 diffunditur
2316 2757 2380 2803 et
2420 2739 2626 2804 tribus
2658 2758 2727 2803 et
2768 2761 2921 2830 gens

1117 2863 1235 2924 Per
1267 2865 1519 2924 Latium
1539 2907 1558 2938 ,
1586 2878 1920 2948 postquam
1954 2864 2017 2923 in
2045 2878 2284 2946 partem
2315 2858 2465 2923 data
2496 2861 2693 2922 Roma
2720 2858 3017 2923 Sabinis.

1123 2983 1264 3042 Vna
1307 2984 1530 3070 ingens
1576 2983 1897 3044 Amiterna
1940 2978 2195 3058 cohors,
2240 2983 2561 3068 priscique
2600 2982 2914 3060 Quirites,

1123 3101 1310 3166 Ereti
1351 3121 1568 3162 manus
1609 3101 1841 3174 omnis,
1882 3096 2347 3190 oliviferaeque
2392 3105 2761 3177 Mutuscae;

1123 3222 1251 3298 Qui
1295 3220 1676 3282 Nomentum
1722 3216 1973 3298 urbem,
2016 3219 2139 3308 qui'
2174 3223 2374 3284 Rosea
2410 3243 2559 3285 rura
2602 3221 2849 3296 Velini,

1126 3337 1254 3414 Qui
1297 3338 1590 3400 Tetricae
1627 3333 1955 3402 horrentes
1998 3362 2219 3427 rupes,
2252 3358 2653 3428 montemque
2686 3343 3017 3414 Severum,

1125 3456 1616 3544 Casperiamque
1631 3457 1849 3522 colunt
1868 3505 1889 3536 ,
1904 3458 2401 3552 Forulosque,et
2424 3457 2655 3522 flumen
2670 3457 2983 3522 Himellae
3002 3477 3023 3534 ;

1123 3577 1249 3654 Qui
1289 3573 1571 3640 Tiberim
1609 3577 2033 3668 Fabarimque
2076 3577 2347 3657 bibunt;
2372 3600 2533 3667 quos
2566 3574 2807 3667 frigida
2848 3577 3029 3638 misit

1127 3697 1396 3774 Nursia,
1435 3715 1502 3761 et
1547 3703 1858 3764 Hortinae
1900 3701 2162 3777 classes,
2204 3700 2560 3788 populique
2604 3700 2855 3772 Latini;

1125 3820 1428 3907 Quosque
1467 3841 1686 3884 secans
1725 3817 2073 3884 infaustum
2114 3819 2407 3884 interluit
2454 3818 2625 3882 Allia
2668 3835 2929 3879 nomen:

1127 3940 1329 4016 Quam
1369 3939 1557 4010 multi
1601 3937 1850 4031 Libyco
1892 3939 2242 4004 volvuntur
2284 3961 2589 4004 marmore
2628 3934 2895 4011 fluctus,
