3400 5175
1055 600 1163 679 74
1688 603 1763 659 Ρ.
1850 603 2395 664 VIRGILII
2658 598 2813 703 187

1149 734 1328 796 Vana
1366 736 1743 819 superstitio
1780 755 2197 827 veterumque
2240 743 2468 831 ignara
2512 743 2775 817 deorum

1151 856 1498 939 Imposuit.
1541 858 1791 934 Saevis‚
1832 854 2057 945 hospes
2098 863 2403 942 Troiane,
2444 870 2711 952 periclis

1150 974 1401 1035 Servati
1438 969 1742 1053 facimus,
1782 980 2171 1066 meritosque
2208 1004 2509 1049 novamus
2544 984 2851 1059 honores.

1147 1092 1280 1152 Iam
1321 1094 1591 1177 primum
1633 1100 1804 1159 saxis
1843 1121 2203 1185 suspensam
2244 1098 2409 1167 hanc
2450 1105 2711 1195 adspice
2751 1134 3013 1201 rupem:

1150 1211 1479 1275 Disiectae
1521 1216 1751 1299 procul
1792 1236 1862 1281 ut
1908 1221 2137 1299 moles,
2179 1220 2559 1315 desertaque
2596 1234 2825 1295 montis

1143 1333 1286 1393 Stat
1329 1329 1586 1412 domus,
1629 1354 1692 1399 et
1736 1340 1986 1426 scopuli
2025 1344 2346 1432 ingentem
2389 1364 2640 1412 traxere
2680 1355 2955 1418 ruinam.

1145 1452 1268 1514 mc
1308 1453 1614 1538 spelunca
1657 1454 1787 1521 fuit
1825 1477 2008 1525 vasto
2046 1460 2339 1527 submota
2381 1489 2671 1547 recessu,

1141 1570 1588 1637 Semihominis
1626 1580 1780 1643 Caci
1822 1576 2025 1645 facies
2063 1604 2253 1671 quam
2286 1584 2429 1651 dira
2466 1586 2759 1669 tenebat,

1140 1690 1306 1755 Solis
1347 1696 1737 1761 inaccessam
1780 1699 2010 1781 radiis;
2050 1726 2425 1794 semperque
2467 1712 2713 1773 recenti

1110 1812 1352 1909 ‘Caede
1395 1815 1656 1901 tepebat
1696 1815 1959 1901 humus3
1999 1819 2373 1914 foribusque
2418 1825 2627 1893 adfixa
2662 1828 2958 1917 superbis

1138 1936 1265 1995 Ora
1305 1929 1511 1997 vistim
1557 1938 1730 1999 tristi
1776 1940 2139 2024 pendebant
2182 1947 2432 2033 pallida
2473 1948 2656 2014 tabo-

1135 2054 1306 2118 Huic
1349 2073 1622 2120 monstro
1665 2057 1995 2125 Vulcanus
2038 2083 2174 2162 erait
2220 2084 2437 2153 parer:
2478 2069 2659 2134 illius
2702 2090 2877 2136 atros

1137 2174 1262 2235 Ore
1302 2196 1558 2239 vomens
1599 2180 1777 2267 ignes
1823 2202 2047 2271 magna
2086 2208 2149 2249 se
2194 2188 2356 2251 mole
2400 2185 2682 2256 ferebat.

1139 2295 1382 2359 Attulit
1425 2318 1487 2359 et
1527 2298 1707 2363 nobis
1744 2301 2093 2389 aliquando
2136 2306 2511 2392 optantibus
2551 2330 2720 2373 aetas

1135 2416 1469 2479 Auxilium
1513 2418 1990 2509 adventumque
2027 2424 2167 2488 dei‘.
2214 2430 2368 2491 Nam
2416 2432 2727 2493 maximus
2763 2430 2971 2509 ultor,

1133 2538 1502 2626 Tergemini
1541 2562 1694 2604 nece
1736 2544 2071 2632 Geryonae
2108 2546 2459 2637 spoliisque
2496 2548 2839 2637 superbus,

1131 2659 1392 2723 Alcides
1433 2659 1701 2740 aderat,
1742 2680 2086 2750 taurosque
2124 2661 2241 2726 hac
2286 2667 2496 2756 victor
2536 2663 2769 2755 agebat

1133 2783 1472 2871 Ingentes;
1507 2782 1874 2870 vallemque
1910 2781 2106 2848 boves
2141 2804 2517 2871 amnemque
2562 2783 2900 2848 tenebant.

1134 2901 1223 2962 At
1266 2896 1458 2964 furiis
1499 2905 1654 2966 Caci
1695 2925 1867 2966 mens
1906 2899 2137 2980 effera,
2176 2925 2253 2966 ne
2294 2902 2453 2993 quid
2492 2906 2787 2967 inausum

1127 3021 1262 3080 Aut
1305 3021 1725 3084 intractatum
1766 3023 2105 3086 scelerisve
2149 3021 2364 3087 dolive
2404 3020 2667 3102 fuisset,

1129 3137 1450 3214 Quattuor
1485 3159 1524 3200 a
1563 3136 1839 3202 stabulis
1882 3148 2234 3227 praestanti
2274 3167 2542 3234 corpore
2580 3162 2800 3208 tauros

1122 3258 1426 3334 Avertit,
1465 3256 1737 3323 totidem
1776 3255 1978 3325 forma
2020 3283 2361 3350 superante
2404 3267 2740 3330 iuvencas.

1126 3377 1349 3460 Atque
1391 3372 1536 3454 hos,
1567 3398 1657 3441 'ne
1697 3401 1827 3466 qua
1869 3378 2079 3446 forent
2128 3383 2393 3470 pedibus
2434 3388 2712 3476 vestigia
2753 3387 2979 3463 rectis,

1123 3493 1347 3558 Gauda
1390 3499 1457 3559 in
1493 3497 1861 3584 speluncam
1904 3515 2175 3584 tractos,
2215 3508 2551 3594 versisque
2592 3508 2841 3570 viarum

1119 3610 1386 3678 Iudiciis
1427 3635 1676 3704 raptos,
1720 3642 1875 3684 saxo
1914 3623 2288 3689 occultabat
2326 3649 2565 3713 opaco.
2748 3607 2755 3614 ⁵

1117 3737 1461 3814 Quaerenti
1501 3737 1678 3804 nulla
1720 3731 1797 3804 ad
1840 3741 2205 3829 speluncam
2242 3749 2421 3835 signa
2464 3742 2784 3810 ferebant.

1117 3855 1406 3934 Interea,
1445 3880 1639 3946 quum
1682 3862 1805 3924 iam
1844 3863 2117 3927 stabulis
2155 3885 2443 3930 saturata
2486 3887 2761 3930 moveret

1115 3975 1729 4071 Amphitryoniades
1766 4003 2082 4065 armenta,
2120 3981 2495 4075 abitumque
2535 4003 2785 4074 pararet
2808 4033 2832 4062 ,
