3400 5175
777 574 1242 634 Anunrnos
1311 576 1486 629 un.
1539 577 1707 633 v11.
1865 552 2025 657 775
2150 556 2253 631 65

361 713 664 789 Sedibus,
705 730 770 776 et
817 708 1136 799 nymphae
1175 710 1440 798 Egeriae
1483 712 1853 798 nemorique
1890 709 2166 801 relegat:

364 836 541 898 Solus
584 833 696 896 ubi
743 836 806 894 in
850 832 1034 894 silvis
1077 828 1263 891 Italia
1301 828 1606 918 ignobilis
1644 850 1866 893 aevum

369 957 712 1045 Exigeret,
759 972 1071 1037 versoque
1113 946 1224 1011 ubi
1267 950 1513 1010 nomine
1557 948 1815 1013 Virbius
1858 968 2051 1014 esset.

365 1072 538 1137 Vnde
575 1076 768 1135 etiam
813 1069 1054 1156 templo
1097 1070 1360 1131 Triviae
1401 1068 1699 1157 lucisque
1742 1073 2013 1134 sacratis

371 1191 756 1278 Cornipedes
797 1207 1100 1253 arcentur
1142 1187 1334 1274 equi;
1377 1188 1550 1275 quod
1588 1189 1783 1253 litore
1823 1212 2080 1253 currum

375 1316 446 1373 Et
485 1315 780 1373 iuvenem
821 1311 1117 1373 monstris
1158 1306 1377 1393 pavidi
1421 1305 1702 1373 effudere
1744 1312 2027 1373 marinis·

376 1431 566 1494 Filius
609 1430 906 1493 ardentes
949 1428 1120 1492 haud
1163 1430 1372 1490 secius
1411 1449 1690 1514 aequore
1727 1430 1933 1515 campi

376 1550 724 1613 Exercebat
765 1570 996 1636 equos,
1041 1568 1364 1635 curruque
1407 1548 1472 1609 in
1511 1546 1678 1611 bella
1720 1546 1981 1613 ruebat.

463 1672 609 1756 Ipse
649 1674 820 1731 inter
859 1671 1089 1755 primos
1119 1669 1471 1755 praestanti
1508 1690 1772 1756 corpore
1812 1672 2065 1733 Turnus

385 1792 671 1853 Vertitur
713 1809 882 1851 arma
924 1807 1176 1864 tenena,
1217 1806 1280 1851 et
1327 1808 1464 1852 toto
1498 1793 1743 1854 vertice
1784 1812 1973 1878 supra
2010 1805 2137 1853 est.

377 1912 494 1971 Cui
534 1905 786 1993 triplici
828 1910 1066 1970 crinita
1109 1907 1262 1972 iuba
1303 1909 1486 1997 galea
1524 1908 1653 1971 alta
1697 1907 2089 1973 Chimaeram

377 2032 687 2103 Sumnet,
731 2030 1043 2089 Aetnaeos
1081 2025 1394 2091 efflantem
1435 2026 1731 2095 faucibus
1767 2033 1975 2121 ignes:

376 2151 520 2211 Tam
565 2150 770 2238 magis
815 2148 926 2211 illa
971 2144 1270 2227 fremenS,
1309 2166 1372 2211 et
1413 2149 1710 2216 tristibus
1737 2147 1933 2213 effera
1959 2147 2261 2226 flammis,

376 2270 562 2348 Quam
608 2270 812 2357 magis
853 2265 1052 2330 effuso
1090 2260 1468 2332 crudescunt
1511 2272 1819 2361 sanguine
1860 2290 2148 2361 pugnae.

382 2394 458 2450 At
495 2388 706 2453 levem
746 2388 1023 2475 clipeum
1067 2388 1338 2455 sublatis
1379 2388 1675 2452 cornibus
1716 2393 1789 2451 Io

381 2512 550 2572 Auro
593 2508 989 2601 insignibat,
1031 2512 1152 2572 iam
1188 2512 1379 2573 saetis
1419 2508 1661 2587 obsita,
1706 2512 1825 2570 iam
1868 2506 2013 2582 bos,

377 2633 836 2718 Argumentum
879 2632 1132 2720 ingens,
1173 2649 1234 2692 et
1279 2646 1490 2692 custos
1532 2629 1805 2718 virginis
1852 2631 2096 2716 Argus,

381 2747 770 2836 caelataque
810 2771 1049 2811 amnem
1091 2745 1364 2812 fundens
1407 2767 1590 2836 pater
1629 2745 1910 2812 Inachus
1950 2767 2141 2807 urna.

379 2867 746 2956 Insequitur
788 2865 1036 2932 nimbus
1077 2869 1401 2955 peditum,
1444 2869 1856 2956 clipeataque
1896 2868 2051 2930 totis

382 2989 650 3077 Agmina
696 2985 1042 3050 densentur
1079 2993 1353 3074 campis,
1397 2993 1771 3082 Argivaque
1811 2987 2045 3076 pubes,

379 3110 846 3196 Auruncaeque
886 3131 1142 3187 manus,
1183 3110 1454 3186 Rutuli,
1497 3129 1877 3196 veteresque
1920 3108 2173 3184 Sicani,

383 3227 461 3288 Et
505 3229 822 3290 Sacranae
865 3230 1063 3305 acies,
1115 3247 1176 3291 et
1222 3232 1382 3316 picti
1423 3249 1604 3294 scuta
1643 3229 1896 3293 Labici:

383 3347 503 3424 Qui
547 3345 790 3423 saltus,
828 3347 1161 3426 Tiberine,
1200 3367 1375 3427 tuos,
1416 3371 1785 3436 sacrumque
1824 3349 2081 3411 Numici

383 3467 564 3526 Litus
609 3482 827 3543 arant,
871 3468 1278 3557 Rutulosque
1319 3484 1620 3548 exercent
1655 3489 1905 3531 vomere
1947 3467 2182 3542 colles,

381 3585 851 3672 Circaeumque
893 3588 1158 3677 iugum3
1201 3589 1350 3677 qula
1391 3591 1688 3674 Iuppiter
1732 3590 2029 3651 Anxurus
2071 3583 2237 3644 arvia

391 3703 762 3781 Praesidet,
806 3722 869 3769 et
909 3707 1107 3772 viridi
1143 3707 1428 3799 gaudens
1471 3683 1743 3782 Feronia
1784 3705 1968 3780 luco;

375 3824 508 3900 Qua
535 3825 808 3886 Saturae
843 3825 1013 3887 iacet
1051 3845 1190 3892 atra
1221 3827 1404 3913 palus
1425 3873 1442 3904 ,
1479 3823 1866 3916 gelidusque
1898 3843 2007 3907 per
2034 3823 2190 3883 imas

374 3941 644 4020 Quaerit
692 3943 822 4004 iter
852 3941 1093 4022 valles,
1139 3963 1331 4034 atque
1375 3949 1439 4008 in
1481 3966 1649 4008 mare
1690 3939 1990 4005 conditur
2028 3935 2253 4018 erns,

2043 4035 2105 4086 ,5
