3400 5175
826 528 1291 587 Annnmos
1355 528 1531 581 mn.
1595 530 1729 583 1x.
1923 506 2071 583 103
2195 531 2298 609 99

404 675 707 734 Dixerat:
750 662 954 751 idque
989 681 1198 726 ratum
1242 664 1461 753 Stygii
1502 684 1611 749 per
1654 660 1910 726 flumina
1951 658 2204 743 fratris,

400 794 519 855 Per
560 790 704 874 pice
744 800 1058 847 torrentes
1098 801 1371 869 atraque
1410 784 1715 871 voragine
1757 784 1924 869 ripas

406 910 687 984 Adnuit,
730 924 793 969 et
843 921 1047 966 totum
1090 920 1254 967 nutu
1297 892 1654 964 tremefecit
1694 901 2070 991 Olympum.

506 1032 673 1117 Ergo
716 1024 940 1091 aderat
986 1026 1286 1111 promissa
1324 1020 1498 1098 dies,
1542 1038 1605 1083 et
1653 1038 1936 1109 tempora
1977 1027 2209 1087 Parcae

408 1146 641 1211 Debita
682 1144 1119 1231 complerant,
1164 1166 1363 1231 quum
1404 1144 1607 1205 Turni
1648 1144 1890 1205 iniuria
1934 1146 2206 1207 Matrem

412 1265 767 1331 Admonuit
808 1263 1053 1329 ratibus
1094 1266 1291 1327 sacris
1334 1262 1657 1350 depellere
1701 1263 1950 1327 taedas·

416 1390 537 1450 Hic
584 1388 859 1471 primum
904 1405 1065 1446 nova
1101 1384 1216 1447 lux
1260 1382 1465 1447 oculis
1506 1378 1790 1461 offulsit,
1833 1398 1898 1447 et
1941 1386 2167 1473 iugens

416 1510 605 1569 Visus
644 1503 729 1568 ab
770 1526 993 1567 aurora
1036 1505 1277 1567 caelum
1318 1520 1758 1567 transcurrere
1801 1501 2088 1581 nimbus,

418 1624 736 1712 Idaeique
777 1620 988 1685 chori:
1034 1641 1167 1694 tam
1208 1645 1332 1687 vox
1376 1620 1691 1686 horrenda
1731 1645 1844 1711 per
1884 1646 2072 1686 auras

422 1742 689 1809 Excidit
712 1790 731 1819 ‚
770 1761 837 1805 et
870 1738 1098 1811 Troum
1130 1742 1655 1829 Rutulorumque
1680 1745 1934 1833 agmina
1961 1744 2264 1833 complet:

414 1869 509 1929 Ne
554 1861 877 1950 trepidate
920 1882 1129 1937 meas,
1171 1864 1441 1941 Teucri,
1484 1860 1828 1929 defendere
1872 1887 2098 1941 naves,

420 1988 595 2049 Neve
638 1998 878 2045 armate
916 2001 1164 2043 manus:
1212 1984 1417 2045 maria
1454 2000 1603 2046 ante
1644 2006 1914 2047 exurere
1951 1988 2204 2064 Turno,

426 2108 619 2183 Quam
666 2122 873 2165 sacras
912 2099 1172 2165 dabitur
1215 2104 1435 2187 pinus.
1480 2108 1605 2167 Vos
1643 2108 1736 2169 ite
1773 2105 2053 2184 solutae,

430 2226 563 2300 lte,
608 2222 769 2285 deae
816 2221 1069 2312 pelagi;
1114 2224 1421 2287 Genetrix
1464 2224 1679 2292 iubet.
1720 2228 1800 2289 Et
1843 2250 1954 2289 sua
1997 2248 2292 2316 quaeque

432 2344 753 2405 Continuo
794 2364 1041 2429 puppes
1081 2340 1466 2429 abrumpunt
1506 2346 1765 2408 vincula
1807 2349 1996 2431 ripis,

438 2460 967 2549 Delphinumque
1010 2462 1190 2527 modo
1233 2462 1530 2527 demersis
1568 2484 1852 2551 aequora
1891 2470 2112 2529 rostris

438 2585 567 2647 lma
611 2601 877 2670 petunt.
916 2584 1081 2646 Hinc
1124 2585 1487 2674 virgineae,
1530 2583 1820 2651 mirabile
1857 2606 2231 2662 monstrum,

442 2703 739 2768 Reddunt
780 2725 849 2767 se
893 2701 1155 2768 totidem
1199 2699 1427 2780 facies,
1474 2722 1798 2790 pontoque
1839 2699 2163 2766 feruntur.

541 2821 951 2910 Obstupuere
991 2825 1217 2886 animis
1262 2822 1529 2886 Rutuli:
1574 2825 1964 2890 conterritus
2008 2825 2143 2908 ipse

436 2941 749 3006 Turbatis
792 2947 1121 3031 Messapus
1158 2947 1373 3030 equis:
1419 2961 1764 3006 cunctatur
1805 2960 1869 3006 et
1913 2944 2110 3005 amnis

440 3063 659 3126 Rauca
700 3084 963 3140 sonans,
1006 3083 1395 3150 revocatque
1442 3062 1663 3150 pedem
1696 3062 2036 3128 Tiberinus
2067 3061 2146 3127 ab
2171 3062 2340 3126 alto.

446 3185 523 3243 At
566 3205 696 3245 non
738 3183 975 3248 audaci
1016 3186 1209 3246 cessit
1252 3180 1488 3248 fiducia
1527 3188 1778 3249 Turnot

448 3302 633 3365 Vltro
670 3305 913 3366 animos
953 3302 1127 3368 tollit
1169 3302 1398 3380 dictis,
1440 3323 1635 3393 atque
1676 3307 1964 3392 increpat
1999 3303 2202 3368 ultro:

450 3421 757 3484 Troianos
796 3420 957 3486 haec
1002 3442 1277 3486 monstra
1320 3441 1583 3509 petunt:
1624 3421 1724 3488 his
1764 3427 2062 3512 Iuppiter
2100 3428 2237 3510 ipse

448 3539 785 3606 Auxilium
824 3541 1085 3605 solitum
1128 3544 1405 3630 eripuit:
1452 3565 1574 3605 non
1612 3542 1780 3619 tela,
1820 3565 1932 3607 nec
1975 3547 2154 3632 ignes

439 3659 829 3744 Exspectant
876 3661 1185 3725 Rutulos.
1231 3665 1401 3754 Ergo
1444 3664 1642 3726 maria
1686 3663 1860 3726 invia
1904 3665 2203 3737 Teucris,

448 3779 578 3842 Nec
614 3801 757 3866 spes
795 3779 931 3844 ulla
970 3777 1195 3872 fugae3
1245 3803 1452 3846 rerum
1492 3803 1637 3868 pars
1664 3780 1867 3844 altera
1897 3779 2192 3868 adempta
2219 3755 2343 3842 est:

453 3899 647 3966 Terra
688 3919 896 3966 autem
940 3906 1006 3967 in
1046 3907 1279 3969 uostris
1318 3901 1651 3978 manibu83
1694 3917 1794 3964 tot
1837 3897 2078 3976 millia,
2121 3887 2342 3990 gentes
