3400 5175
1068 558 1229 659 254
1811 577 2260 634 clnls.
2435 560 2587 636 135

1160 710 1487 795 Iuppiter:
1531 708 1642 773 ille
1683 711 1874 773 etiam
1919 714 2156 774 Poenos
2192 708 2504 777 domitare
2549 714 2798 794 leones,

1160 826 1242 886 Et
1285 821 1535 887 validas
1576 824 1796 888 docuit
1837 826 2004 887 vires
2043 848 2470 893 mansuescere
2511 836 2732 922 tigris.

1164 939 1287 1003 Ille
1312 942 1503 1003 etiam
1532 939 1715 1004 divos
1738 987 1756 1018 ,
1787 938 2196 1007 homines....
2221 946 2330 1011 sed
2359 947 2572 1013 dicere
2600 974 2894 1043 magnum
2927 972 3047 1018 est:

1166 1058 1343 1121 Idem
1386 1078 1513 1121 tum
1559 1062 1774 1121 tristes
1816 1059 2089 1125 acuebat
2129 1064 2436 1149 parvulus
2479 1069 2601 1131 iras
2689 1142 2697 1148 ,

1162 1179 1424 1241 Iunonis
1462 1200 1760 1267 magnae,
1801 1182 1984 1242 cuius
2019 1183 2336 1267 periuria,
2378 1182 2562 1260 diva,

1160 1296 1372 1361 Nolim
1415 1312 1478 1358 te
1518 1299 1868 1361 meminisse
1906 1296 2054 1361 diu:
2097 1302 2304 1364 iurare
2345 1303 2598 1387 puellae

1157 1416 1300 1477 Non
1342 1414 1463 1477 ulli
1506 1412 1729 1477 liceat.
1786 1414 2147 1478 Violaverat
2193 1420 2392 1482 inscia
2429 1420 2636 1483 sedem
2662 1467 2682 1498 ,

1160 1535 1325 1597 Dum
1364 1537 1555 1597 sacris
1592 1552 1854 1620 operata
1893 1532 2048 1598 deae
2089 1534 2380 1615 lascivit,
2423 1556 2486 1601 et
2523 1557 2708 1602 extra

1162 1650 1449 1717 Procedit
1492 1654 1682 1743 longe
1725 1671 1989 1721 matrum
2031 1657 2462 1743 comitumque
2501 1675 2860 1736 catervam,

1160 1779 1529 1859 Suspensum
1568 1772 1854 1863 gaudens
1893 1776 1960 1836 in
1993 1793 2260 1859 corpore
2301 1770 2522 1836 ludere
2561 1792 2836 1853 vestem,

1166 1896 1247 1953 Et
1289 1890 1567 1955 tumidos
1603 1894 1891 1980 agitante
1929 1895 2101 1955 sinus
2141 1890 2440 1978 aquilone
2483 1892 2808 1957 relaxans.

1158 2008 1443 2075 Necdum
1482 2014 1673 2073 etiam
1719 2028 1929 2075 castos
1969 2028 2333 2103 gustaverat
2381 2012 2546 2099 ignis
2591 2009 2890 2091 honores,

1158 2126 1439 2193 Necdum
1478 2127 1768 2192 sollemni
1810 2126 2072 2218 lympha
2109 2123 2364 2216 perfusa
2407 2126 2698 2192 sacerdos

1160 2248 1463 2313 Pallentis
1504 2244 1676 2310 foliis
1718 2266 1914 2333 caput
1955 2264 2296 2311 exornarat
2339 2246 2582 2325 olivae3

1159 2370 1363 2446 Quum
1405 2364 1581 2451 lapsa
1616 2386 1650 2427 e
1690 2364 1978 2430 manibus
2015 2361 2188 2456 fugit
2229 2364 2392 2451 pila,
2431 2387 2701 2455 cumque
2737 2365 2986 2454 relapsa

1156 2486 1477 2547 Procurrit
1518 2486 1738 2573 virgo:
1779 2505 1907 2571 quo
1945 2486 2187 2546 utinam
2226 2505 2302 2547 ne
2342 2482 2596 2571 predita
2639 2484 2792 2549 ludo

1158 2609 1461 2668 Auratam
1500 2603 1734 2696 gracili
1776 2602 2064 2668 solvisset
2105 2625 2370 2690 corpore
2412 2599 2676 2690 pallam!

1162 2727 1421 2800 Omnia,
1463 2745 1629 2810 quae
1670 2726 1941 2786 retinere
1980 2721 2279 2812 gradum,
2321 2744 2702 2810 cursumque
2745 2725 2974 2786 morari

1156 2845 1451 2919 Possem,
1494 2865 1533 2904 o
1572 2861 1780 2904 tecum
1821 2840 2050 2904 vellem
2097 2859 2204 2904 tua
2245 2863 2488 2927 semper
2530 2838 2830 2906 haberes!

1160 2963 1305 3024 Non
1340 2983 1616 3048 unquam
1660 2961 1902 3024 violata
1945 2982 2125 3022 manu
2166 2963 2442 3022 sacraria
2483 2957 2703 3035 divae,

1156 3078 1468 3154 Iuranda,
1510 3077 1772 3155 infelix,
1815 3095 1926 3141 aut
1971 3101 2246 3166 unquam
2285 3080 2427 3141 iura
2469 3081 2739 3164 piasses.

1154 3203 1235 3260 Et
1272 3199 1325 3258 si
1364 3199 1510 3283 quis
1552 3201 1838 3260 nocuisse
1878 3194 1998 3260 tibi
2041 3199 2320 3282 periuria
2359 3193 2573 3277 credat
2597 3243 2616 3272 ,

1153 3319 1403 3386 Caussa„
1427 3317 1531 3400 pia
1572 3333 1701 3378 est:
1729 3279 1964 3378 xtimuit
2009 3310 2196 3378 fratri
2239 3331 2303 3376 te
2344 3312 2676 3377 ostendere
2717 3313 2913 3374 Iuno.

1157 3439 1241 3496 At
1282 3433 1443 3496 levis
1478 3433 1594 3497 ille
1634 3432 1828 3510 deus,
1871 3437 1980 3497 cui
2019 3454 2264 3518 semper
2303 3430 2382 3495 ad
2429 3430 2866 3495 ulciscendum

1150 3556 1494 3635 Quaeritur
1534 3575 1611 3615 ex
1655 3555 1824 3617 omni
1869 3553 2199 3619 verborum
2241 3554 2482 3615 iniuria
2522 3549 2735 3627 diem,

1151 3677 1365 3736 Aurea
1406 3668 1683 3762 fulgenti
1727 3670 2097 3758 depromens
2142 3671 2272 3735 tela
2312 3669 2650 3756 pharetra,

1150 3795 1290 3856 Heu
1332 3794 1591 3856 nimium
1633 3790 1860 3868 celeri,
1905 3793 2200 3866 nimium,
2241 3791 2550 3853 torrentia
2591 3777 2766 3850 visu!

1150 3913 1439 3998 Virginis
1478 3913 1543 3974 in
1587 3930 1802 3974 tenera
1842 3907 2067 3974 defixit
2103 3911 2396 3974 acumina
2433 3924 2673 3970 mente.
