3400 5175
903 689 1360 749 antemos
1425 692 1596 749 mn.
1661 696 1865 751 v111.
2002 694 2113 779 47
2235 677 2335 779 69

467 832 554 891 Ex
595 848 723 916 quo
769 842 869 889 ter
910 827 1086 889 denis
1127 825 1339 891 urbem
1389 825 1799 892 redeuntibus
1835 829 2015 891 annis

475 950 784 1009 Ascanius
825 945 988 1007 clari
1031 945 1260 1009 condet
1299 949 1690 1035 cognominis
1731 946 1993 1011 Albam.

472 1066 649 1129 Haud
685 1068 934 1130 incerta
969 1088 1159 1127 cauo.
1199 1069 1414 1141 Nunc,
1450 1088 1576 1154 qua
1597 1069 1879 1143 ratione,
1916 1068 2087 1154 quod
2128 1073 2361 1151 instat,

471 1186 794 1272 Expedias
837 1188 1080 1260 vietor,
1125 1188 1380 1270 pauciS,
1422 1186 1718 1262 adverte,
1759 1186 2031 1251 docebo,

473 1305 748 1368 Arcades
791 1302 890 1367 his
926 1308 1088 1383 oris,
1133 1327 1330 1395 genus
1369 1326 1406 1366 a
1446 1304 1733 1368 Pallante
1776 1302 2168 1390 profectum3

471 1427 594 1503 Qui
640 1446 848 1513 regem
898 1423 1262 1487 Euandrum
1305 1426 1603 1499 comites,
1647 1426 1760 1509 qui
1803 1426 1985 1513 signa
2028 1432 2321 1514 sequuti,

475 1544 790 1635 Delegere
827 1544 1074 1622 locum,
1115 1563 1176 1606 et
1215 1564 1482 1630 posuere
1525 1545 1588 1603 in
1631 1544 1951 1607 montibus
1990 1545 2245 1626 urbem,

475 1661 786 1726 Pallantis
828 1666 1051 1749 proavi
1091 1662 1168 1725 de
1210 1664 1459 1725 nomine
1505 1656 1967 1727 Pallanteum(

477 1786 562 1845 Hi
607 1782 848 1846 bellum
891 1782 1154 1845 adsidue
1193 1782 1438 1846 ducunt
1485 1805 1624 1845 cum
1667 1800 1858 1873 gente
1902 1788 2160 1847 Latina:

481 1904 608 1965 Hos
647 1902 876 1963 castris
917 1898 1150 1964 adhibe
1193 1904 1429 1980 socios,
1471 1920 1534 1964 et
1579 1899 1835 1967 foedera
1880 1906 2103 1995 iunge.

483 2024 628 2107 Ipse
669 2044 792 2111 ego
833 2040 898 2083 te
941 2023 1098 2107 ripis
1139 2040 1204 2083 et
1247 2037 1423 2084 recto
1461 2018 1718 2084 ssumine
1761 2020 2023 2101 ducam,

485 2140 838 2204 Adversum
881 2144 1066 2203 remis
1101 2162 1356 2228 superes
1395 2138 1741 2205 subvectus
1782 2162 1851 2205 ut
1892 2166 2164 2210 amnem.

486 2265 688 2352 Surge
729 2283 872 2351 age,
925 2280 1072 2324 nate
1114 2260 1270 2338 dea;
1315 2263 1664 2347 primisque
1706 2262 2080 2327 cadentibus
2121 2267 2307 2328 astris

487 2382 717 2443 Iunoni
761 2376 857 2443 fer
901 2382 1025 2442 rite
1063 2402 1318 2467 preces,
1359 2382 1646 2467 iramque
1687 2384 2019 2470 minasque

487 2498 906 2587 supplicibus
941 2521 1170 2585 supera
1213 2503 1411 2562 votis.
1455 2500 1624 2565 Mihi
1667 2505 1874 2566 victor
1914 2499 2214 2563 bonorem

489 2621 844 2684 Persolves.
889 2625 1024 2712 Ego
1063 2645 1230 2699 sum,
1275 2622 1464 2708 pleno
1505 2643 1692 2707 quem
1736 2620 1995 2684 flumine
2034 2623 2237 2682 cernis

493 2744 920 2832 stringentem
967 2745 1174 2828 ripas,
1218 2759 1281 2803 et
1328 2743 1598 2831 pinguia
1637 2739 1815 2803 culta
1856 2757 2206 2815 secantem,

493 2861 840 2924 Caeruleus
882 2860 1204 2951 Thybris,
1246 2861 1425 2926 caelo
1467 2861 1861 2951 gratissimus
1904 2861 2137 2921 amnis.

495 2982 616 3043 mc
660 2979 817 3044 mihi
863 3005 1084 3072 magna
1122 2982 1380 3060 domus,
1418 2977 1606 3049 celsis
1645 2995 1843 3064 caput
1887 2974 2185 3052 urbibus,
2228 2979 2396 3039 exit.

593 3103 822 3177 Dixit,
865 3101 1095 3164 deinde
1133 3101 1277 3164 lacu
1323 3099 1554 3180 fluvius
1595 3120 1658 3160 se
1701 3097 1992 3162 condidit
2036 3097 2203 3176 alt0,

497 3223 632 3282 Ima
677 3237 930 3306 petens.
976 3223 1120 3282 Nox
1163 3225 1416 3282 Aenean
1457 3241 1839 3308 somnusque
1878 3217 2181 3304 reliquit.

499 3344 752 3430 Surgit,
793 3359 900 3415 et,
943 3337 1216 3402 aetherii
1259 3357 1554 3425 spectans
1596 3339 1871 3400 orientia
1914 3334 2065 3399 solis

499 3459 804 3534 Lumina,
849 3461 970 3522 rite
1011 3460 1186 3522 cavis
1229 3459 1456 3522 undam
1501 3457 1578 3521 de
1617 3456 1877 3521 flumine
1919 3456 2147 3543 palmis

501 3578 811 3655 Sustulit,
855 3601 926 3642 ac
965 3579 1126 3642 tales
1167 3575 1438 3642 effundit
1481 3577 1561 3641 ad
1606 3576 1869 3640 aethera
1910 3595 2127 3638 voces:

503 3690 2407 3788 Nymphae,Laurentesnymphae,genusamnibusundeest,

502 3823 766 3907 Tuque,
807 3839 846 3879 o
883 3815 1133 3904 Thybri
1173 3835 1288 3878 tuo
1329 3820 1586 3906 genitor
1625 3837 1763 3878 cum
1808 3811 2065 3873 flumine
2103 3827 2357 3885 sanem,

503 3941 802 4027 Accipite
851 3941 1136 4014 Aenean,
1178 3955 1240 3998 et
1289 3936 1541 4001 tandem
1581 3948 1793 3996 arcete
1836 3925 2131 4014 periclis·

498 4063 634 4142 Quo
661 4078 726 4122 te
760 4079 1042 4149 cumque
1072 4056 1290 4134 lacus,
1321 4057 1721 4122 miserantem
1748 4043 2143 4114 incommoda
2166 4063 2377 4110 nostra
2402 4091 2421 4122 ,
