3400 5175
882 568 1033 646 182
1495 594 1569 647 ι’.
1662 592 2191 649 VIRGILII
2449 576 2606 652 635

953 723 1355 785 Semianimes
1386 712 1746 787 'volvuntur
1781 726 1969 813 equi;
2011 748 2226 817 pugna
2268 750 2490 815 aspera
2530 734 2766 821 surgit.

955 839 1325 906 Orsilochus
1364 842 1654 921 Remuli,
1696 843 1946 931 quando
1985 847 2194 931 ipsum
2235 844 2536 911 horrebat
2575 849 2784 925 adire,

949 962 1213 1024 Hastam
1256 963 1507 1024 intorsit
1548 984 1751 1049 eque,
1791 959 2157 1053 ferrumque
2195 965 2314 1031 sub
2350 990 2500 1031 aure
2533 969 2831 1057 reliquit.

953 1082 1091 1159 Quo
1130 1082 1381 1167 sonipes
1420 1082 1555 1145 ictu
1595 1078 1756 1145 furit
1794 1081 2068 1159 arduus,
2114 1084 2380 1172 altaque
2421 1088 2622 1150 iactat

958 1200 1259 1263 Vulneris
1304 1202 1641 1288 impatiens
1678 1200 1934 1265 adrecto
1973 1218 2228 1287 pectore
2269 1224 2489 1267 crura.

952 1319 1260 1383 ‘Volvitur
1300 1320 1413 1384 ille
1454 1343 1756 1385 excussus
1801 1318 2012 1385 humi.
2061 1320 2334 1385 Catillus
2373 1321 2618 1401 Iollan,

957 1438 1417 1528 lugentemque
1457 1443 1716 1516 animis,
1759 1440 2076 1530 ingentem
2122 1462 2386 1526 corpore
2421 1458 2483 1504 et
2523 1444 2710 1507 armis

956 1558 1199 1621 Deiicit
1244 1562 1667 1623 Herminium:
1711 1558 1882 1624 nudo
1920 1561 2026 1624 cui
2069 1560 2313 1622 vertice
2355 1555 2534 1623 fulva

958 1678 1305 1754 Caesaries,
1353 1678 1635 1765 nudique
1680 1676 1962 1755 humeri;
2007 1698 2117 1741 nec
2161 1678 2426 1742 vulnera
2467 1694 2733 1742 terrent:

956 1794 1199 1857 Tantus
1242 1798 1305 1858 in
1350 1818 1515 1859 arma
1559 1814 1766 1883 patet.
1821 1801 2010 1860 Latos
2049 1794 2204 1860 huic
2248 1794 2422 1859 basta
2457 1819 2571 1883 per
2609 1818 2807 1860 armos

960 1916 1123 1977 Acta
1162 1917 1411 1991 tremit,
1455 1913 1881 2003 duplicatque
1922 1918 2128 1981 virum
2169 1912 2468 1979 transfixa
2502 1914 2747 1979 dolore.

956 2030 1275 2096 Funditur
1316 2050 1449 2097 ater
1492 2033 1736 2121 ubique
1776 2056 1993 2097 cruor:
2035 2032 2188 2097 dant
2229 2031 2452 2099 funera
2489 2031 2652 2098 ferro

961 2152 1329 2229 certantes,
1371 2152 1835 2240 pulchramque
1854 2172 2081 2238 petunt
2113 2172 2224 2239 per
2251 2151 2516 2215 vulnera
2543 2171 2833 2215 mortem.

1058 2275 1140 2333 At
1184 2270 1419 2335 medias
1459 2275 1623 2335 inter
1664 2268 1885 2335 caedes
1921 2270 2206 2334 exsultat
2251 2274 2555 2345 Amazon,

958 2393 1163 2453 Vnum
1204 2409 1460 2453 exserta
1499 2390 1665 2453 latus
1702 2410 1990 2479 pugnae,
2032 2386 2400 2474 pharetrata
2441 2387 2755 2464 Camilla;

958 2510 1041 2570 Et
1082 2530 1249 2571 nunc
1294 2509 1465 2572 lenta
1506 2532 1687 2572 manu
1727 2528 2024 2598 spargens
2063 2504 2325 2575 hastilia
2363 2504 2623 2583 denset;

957 2629 1143 2692 Nunc
1180 2628 1459 2692 validam
1496 2628 1720 2693 dextra
1761 2629 1934 2712 rapit
1978 2621 2292 2690 indefessa
2331 2624 2706 2712 bipennem.

953 2753 1201 2812 Aureus
1243 2772 1321 2812 ex
1366 2747 1626 2812 humero
1664 2764 1845 2809 sonat
1887 2765 2104 2822 arcus,
2145 2761 2206 2808 et
2251 2765 2425 2807 arma
2465 2747 2736 2808 Dianae.

955 2865 1079 2928 Illa
1119 2869 1344 2941 etiam,
1383 2869 1435 2928 si
1478 2863 1738 2952 quando
1780 2867 1849 2927 iu
1891 2880 2142 2954 tergum
2183 2863 2363 2949 pulsa
2400 2867 2688 2942 recessit,

959 2983 1219 3069 Spicula
1256 3003 1557 3046 converso
1598 2980 1918 3072 fugientia
1954 2980 2183 3073 dirigit
2221 3005 2404 3046 arcu.

957 3105 1039 3163 At
1080 3104 1316 3165 circum
1354 3102 1555 3166 lectae
1592 3104 1892 3177 comites,
1934 3103 2287 3188 Larinaque
2328 3104 2543 3190 virg0,

954 3219 1305 3306 Tullaque,
1342 3239 1407 3283 et
1450 3237 1727 3287 aeratam
1771 3224 2067 3308 quatiens
2111 3224 2384 3306 Tarpeia
2426 3219 2726 3296 securim,

953 3339 1259 3419 Italides;
1303 3363 1458 3427 quas
1496 3349 1630 3427 ipsa
1671 3340 1874 3405 decus
1911 3339 2034 3404 sibi
2077 3339 2186 3405 dia
2227 3340 2500 3404 Camilla

954 3459 1244 3550 Delegit,
1283 3455 1591 3548 pacisque
1634 3457 1838 3523 bonas
1879 3457 2168 3547 bellique
2213 3461 2556 3522 ministras.

950 3578 1183 3660 Quales
1220 3575 1557 3642 Threiciae
1600 3599 1796 3664 quum
1849 3575 2110 3640 flumina
2150 3576 2636 3642 Thermodontis

952 3698 1241 3776 Pulsant,
1282 3717 1346 3762 et
1388 3699 1579 3785 pictis
1623 3695 1943 3760 bellantur
1987 3701 2329 3760 Amazones
2365 3699 2596 3760 armis:

950 3823 1073 3880 Seu
1115 3820 1353 3882 circum
1396 3815 1798 3904 Hippolyten
1825 3861 1842 3892 ,
1885 3837 1993 3878 seu
2036 3837 2226 3904 quum
2271 3837 2336 3878 se
2377 3817 2613 3878 Martia
2651 3833 2840 3878 curru

950 3935 1349 4026 Penthesilea
1386 3933 1613 4016 refert,
1648 3957 1836 4026 magn
1859 3953 2025 4024 oque
2068 3933 2361 3997 ululante
2402 3930 2683 3997 tumultu
