3400 5175
1004 565 1157 641 160
1624 582 1701 639 ι’.
1785 580 2326 638 vlncrnrr
2659 586 2750 663 19

1086 720 1185 783 Ne
1224 736 1357 805 qua
1398 734 1568 777 mora
1608 716 1895 805 ignaros,
1937 713 2051 779 ubi
2091 716 2362 801 primum
2401 712 2640 777 vellere
2677 718 2862 806 signa

1087 836 1445 900 Adnueriut
1486 834 1754 920 Superi,
1797 832 2158 921 pubemque
2198 831 2472 896 educere
2513 836 2770 912 castris,

1088 952 1453 1041 Impediat3
1494 956 1788 1043 segnisve
1829 970 1996 1019 metu
2037 954 2351 1016 sententia
2393 952 2635 1017 tardet.

1092 1076 1346 1136 Interea
1386 1074 1589 1136 socios
1630 1070 2090 1163 inhumataque
2133 1093 2401 1159 corpora
2443 1088 2650 1134 terrae

1091 1190 1498 1255 Mandemus:
1540 1194 1656 1280 qui
1698 1191 1866 1254 solus
1905 1188 2104 1255 honos
2145 1188 2508 1257 Acheronte
2546 1189 2667 1255 sub
2691 1194 2816 1255 imo
2847 1209 3006 1263 est·

1089 1314 1226 1387 Ite,
1267 1312 1401 1389 ait;
1438 1314 1731 1401 egregias
1771 1314 2047 1388 animas,
2086 1332 2250 1401 quae
2291 1312 2600 1401 sanguine
2637 1308 2822 1372 uobis

1090 1432 1269 1492 Hanc
1310 1434 1577 1516 patriam
1620 1452 1919 1516 peperere
1958 1451 2106 1508 suo,
2147 1428 2444 1493 decorate
2481 1430 2792 1514 supremis

1092 1548 1511 1614 Muneribus:
1557 1567 1984 1639 maestamque
2027 1546 2302 1645 Euandri
2343 1548 2584 1634 primus
2621 1546 2702 1611 ad
2741 1544 2962 1611 urbem

1088 1670 1400 1732 Mittatur
1436 1667 1675 1744 Pallas,
1717 1691 1906 1757 quem
1946 1689 2068 1731 non
2109 1668 2372 1731 virtutis
2405 1684 2694 1755 egentem

1089 1786 1382 1851 Abstulit
1425 1804 1565 1850 atra
1607 1786 1778 1863 dies,
1821 1805 1887 1849 et
1926 1783 2149 1850 funere
2185 1786 2400 1847 mersit
2434 1784 2698 1849 acerbo.

1193 1909 1297 1969 Sic
1324 1907 1416 1969 ait
1450 1904 1890 1993 illacrymans,
1919 1908 2284 1993 recipitque
2313 1888 2640 1969 ad'limina
2663 1926 2938 1997 gressum
2957 1926 2978 1966 ι

1092 2026 1335 2110 Corpus
1378 2021 1489 2087 ubi
1530 2024 1808 2087 exanimi
1847 2025 2122 2111 positum
2169 2023 2482 2089 Pallantis
2527 2026 2789 2087 Acoetes

1095 2140 1402 2207 Servabat
1442 2143 1683 2219 senior,
1725 2146 1840 2229 qui
1881 2142 2216 2207 Parrhasio
2257 2143 2552 2208 Euandro

1091 2263 1389 2353 Armiger
1426 2280 1571 2323 ante
1612 2256 1776 2339 fuit3
1817 2260 1926 2325 sed
1969 2285 2088 2325 non
2128 2260 2430 2327 felicibus
2471 2284 2674 2351 aeque

1088 2384 1253 2444 Tum
1289 2403 1495 2445 comes
1534 2384 1838 2468 auspiciis
1877 2404 2024 2445 caro
2063 2381 2251 2446 datus
2293 2380 2431 2447 ibat
2473 2381 2758 2445 alumno.

1090 2504 1349 2566 Circum
1372 2504 1573 2569 omnis
1595 2496 2030 2592 famulumque
2053 2524 2302 2580 manus,
2331 2505 2738 2590 Troianaque
2759 2494 2982 2579 turba,

1090 2625 1177 2686 Et
1214 2641 1519 2686 maestum
1558 2621 1797 2686 Iliades
1834 2624 2068 2686 crinem
2110 2622 2189 2686 de
2229 2643 2400 2686 more
2433 2621 2716 2694 solutae.

1022 2827 1027 2834 ί
1090 2744 1176 2806 Vt
1214 2764 1364 2806 vero
1408 2746 1649 2806 Aeneas
1690 2739 1935 2806 foribus
1971 2765 2106 2807 sese
2145 2742 2370 2807 intulit
2409 2742 2594 2820 altis3

1091 2845 1425 2951 Ingentem
1464 2865 1771 2952 gemitum
1815 2865 2017 2926 tunsis
2057 2861 2138 2928 ad
2175 2860 2384 2926 sidera
2425 2860 2666 2925 tollunt

1088 2977 1496 3058 Pectoribus,
1536 2999 1906 3068 maestoque
1949 2983 2239 3071 immugit
2285 2983 2464 3072 regia
2503 2979 2718 3043 luctu.

1086 3099 1267 3182 Ipse,
1304 3116 1498 3185 caput
1542 3101 1715 3162 nivei
1757 3096 1992 3164 fultum
2034 3101 2343 3166 Pallantis
2379 3117 2443 3164 et
2486 3121 2597 3163 ora

1084 3219 1172 3277 'Vt
1214 3215 1415 3294 vidit,
1454 3217 1718 3306 levique
1757 3239 1978 3306 patens
2017 3223 2082 3282 in
2125 3237 2383 3306 pectore
2419 3218 2660 3284 vulnus

1088 3335 1386 3420 Cuspidis
1426 3340 1782 3414 Ausoniae,
1824 3338 2127 3427 lacrymis
2167 3343 2261 3402 ita
2297 3335 2474 3404 fatur
2509 3336 2783 3402 obortist

1084 3457 1289 3531 Tene,
1328 3457 1571 3543 inquit,
1616 3457 1964 3522 miserande
2006 3480 2196 3544 puer,
2232 3481 2427 3546 quum
2469 3457 2643 3521 laeta
2681 3455 2960 3530 veniret,

1082 3572 1331 3638 Invidit
1376 3579 1652 3638 Fortuna
1692 3574 1886 3654 mihi,
1927 3599 2005 3640 ne
2051 3599 2242 3668 regna
2281 3577 2530 3640 videres

1082 3697 1351 3772 Nostra,
1392 3715 1597 3782 neque
1638 3694 1716 3760 ad
1755 3696 1932 3760 sedes
1975 3698 2182 3760 victor
2223 3694 2522 3760 veherere
2565 3684 2904 3784 paternas?

1084 3817 1230 3878 Non
1270 3811 1427 3878 haec
1470 3814 1766 3878 Euandro
1806 3814 1884 3879 de
1926 3832 1989 3878 te
2026 3819 2330 3901 promissa
2373 3816 2623 3902 parenti

1082 3931 1427 3998 Discedens
1466 3931 1798 3999 dederam:
1839 3957 2036 4023 quum
2077 3957 2172 3998 me
2211 3934 2578 4021 complexus
2617 3949 2872 3996 euntem
