3400 5175
1118 639 1277 713 272
1753 636 2486 692 CATALEGTA.

2038 887 2167 950 1v.

1208 1066 1525 1204 Superbe
1559 1118 1914 1193 Noctuine,
1956 1116 2252 1203 putidum
2292 1140 2519 1207 caput,

1206 1240 1416 1299 Datur
1457 1236 1581 1300 tibi
1624 1236 1878 1321 puella,
1920 1257 2112 1322 quam
2157 1242 2354 1323 petis:
2397 1239 2629 1318 datur,

1209 1358 1449 1433 Datur,
1486 1353 1756 1441 superbe
1799 1357 2152 1433 Noctuine,
2190 1368 2398 1444 quam'
2429 1361 2626 1445 petis.

1210 1474 1370 1553 Sed,
1415 1496 1453 1537 o
1492 1472 1761 1560 superbe
1797 1476 2145 1553 Noctuine,
2189 1497 2312 1538 non
2349 1476 2529 1541 vides

1208 1598 1383 1657 Duas
1424 1592 1661 1659 habere
1698 1590 1863 1655 filias
1905 1586 2224 1656 Atilium?

1210 1717 1418 1790 Duas,
1456 1731 1519 1776 et
1562 1710 1763 1790 hanc,
1803 1730 1868 1775 et
1909 1712 2212 1789 alteram,
2250 1710 2372 1775 tibi
2411 1704 2601 1776 dati?

1207 1832 1447 1895 Adeste
1487 1853 1687 1909 nunc,
1728 1830 1981 1909 adeste;
2023 1830 2244 1906 ducit,
2285 1848 2356 1893 ut
2399 1830 2620 1909 decet,

1208 1952 1566 2039 Superbia,
1606 1973 1790 2029 ecce,
1831 1954 2190 2015 Noctuinus
2231 1946 2543 2013 hirneam.

2059 2189 2137 2251 V.

1210 2372 1456 2489 Iacere
1497 2442 1630 2497 me,
1670 2419 1848 2507 quod
1889 2418 2018 2483 alta
2053 2440 2174 2483 uon
2217 2424 2479 2507 possim,
2521 2441 2742 2509 putas,

1304 2546 1391 2605 Vt
1432 2556 1615 2620 ante,
1658 2542 1899 2604 vectari
1941 2535 2144 2620 freta3

1204 2665 1337 2727 Nec
1376 2658 1541 2725 ferre
1582 2657 1806 2722 durum
1851 2655 2096 2747 frigus,
2134 2676 2247 2721 aut
2285 2679 2524 2724 aestum
2565 2665 2738 2748 pati,

1302 2783 1530 2866 Neque
1560 2799 1734 2840 arma
1773 2778 2041 2840 victoris
2078 2779 2298 2863 sequi.

1207 2901 1475 2976 Valent,
1515 2895 1736 2961 valent
1779 2893 1937 2958 mihi
1977 2898 2072 2958 ira
2107 2912 2170 2957 et
2213 2898 2519 2983 antiquus
2561 2893 2782 2976 furor,

1304 3021 1383 3079 Et
1426 3017 1683 3105 lingua,
1725 3037 1854 3101 qua
1893 3016 2018 3076 iam
2061 3011 2258 3077 adsim
2303 3013 2464 3077 tibi.

1204 3129 1355 3198 Hei!
1400 3135 1790 3220 prostitutae
1831 3151 2016 3218 turpe
2058 3132 2540 3196 contubernium

1300 3255 1584 3327 Sororie,
1620 3273 1657 3312 o
1694 3251 1854 3338 quid
1901 3275 1995 3314 me
2037 3245 2312 3313 incitas?

1198 3371 1402 3452 Quid,
1442 3369 1796 3456 impudice,
1834 3387 1898 3433 et
1941 3367 2351 3456 improbande
2393 3369 2677 3445 Caesari,

1300 3491 1369 3552 Si
1404 3485 1579 3552 furta
1604 3486 1916 3580 -dicantur
1957 3481 2112 3550 tua?

1200 3611 1285 3672 Et
1323 3606 1583 3671 beluato
1624 3627 1765 3668 sera
1807 3607 2192 3691 patrimonio

1300 3729 1375 3790 In
1414 3722 1609 3788 fratre
1650 3715 2080 3811 parsimonia?

1200 3844 1318 3910 vel
1362 3863 1505 3908 acta
1546 3864 1742 3930 puero
1779 3864 1918 3905 cum
1963 3843 2118 3904 viris
2157 3841 2496 3917 convivit,

1300 3963 1605 4051 Vdaeque
1646 3984 1756 4050 per
1797 3983 2076 4026 somnum
2119 3953 2334 4025 nates?
