3400 5175
943 598 1402 655 Annnlnos
1465 600 1638 654 ΜΒ.
1694 600 1817 657 vr.
1938 576 2099 653 215
2254 606 2337 658 tt

469 742 798 827 Ingentem
831 752 1128 797 struxere
1170 756 1420 823 pyram:
1460 736 1566 796 cui
1604 729 1934 798 frondibus
1968 740 2125 798 atris

473 860 776 919 Intexunt
819 853 1058 929 latera,
1098 874 1162 915 et
1203 850 1429 916 ferales
1469 873 1615 915 ante
1656 876 1979 941 cupressos

475 977 921 1049 constituunt,
967 972 1398 1058 decorantque
1438 995 1624 1059 super
1662 970 2061 1065 fulgentibus
2098 978 2311 1039 armis.

475 1096 620 1156 Pars
658 1092 900 1155 calidos
933 1091 1162 1155 latices
1197 1110 1258 1153 et
1304 1090 1506 1153 ahena
1545 1092 1855 1157 undantia
1894 1092 2161 1157 flammis

481 1209 888 1297 Expediunt‚
929 1232 1288 1297 corpusque
1330 1212 1544 1275 lavant
1585 1210 1886 1302 frigentis
1922 1232 1985 1276 et
2028 1206 2305 1301 ungunt.

480 1334 579 1392 Fit
619 1333 925 1419 gemitus.
965 1334 1124 1393 Tum
1171 1328 1444 1394 membra
1483 1350 1624 1392 toro
1661 1328 1892 1392 defleta
1928 1350 2275 1416 reponunt,

483 1452 956 1537 Purpureusque
996 1472 1184 1535 super
1223 1468 1466 1526 vesteS,
1507 1449 1825 1511 velamina
1862 1468 2041 1527 nota,

485 1571 885 1631 Coniiciunt:
929 1592 1070 1654 pars
1110 1573 1359 1659 ingenti
1402 1569 1654 1634 subiere
1691 1566 1965 1649 feretr0‚

486 1691 692 1750 Triste
731 1692 1180 1763 ministerium,
1212 1710 1274 1751 et
1317 1688 1668 1753 subiectam
1713 1712 1880 1754 more
1919 1708 2245 1777 parentum

485 1809 704 1869 Aversi
749 1828 1012 1871 tenuere
1051 1806 1284 1871 facem.
1329 1812 1646 1899 Congesta
1685 1830 2049 1873 cremantur

486 1929 692 1989 Turea
733 1926 932 2002 dona,
973 1928 1204 2014 dapeS,
1246 1925 1384 1991 fuso
1423 1949 1697 1993 crateres
1737 1932 1941 1995 olivo.

491 2050 820 2133 Postquam
864 2048 1130 2133 collapsi
1173 2051 1452 2124 cineres,
1489 2070 1552 2112 et
1595 2049 1839 2113 flamma
1876 2052 2166 2137 quievit,

487 2166 840 2255 Relliquias
880 2170 1028 2231 vino
1069 2186 1132 2230 et
1173 2166 1458 2232 bibulam
1500 2169 1713 2233 lavere
1750 2167 2071 2249 favillam3

492 2290 766 2374 Ossaque
807 2288 974 2351 lecta
1009 2289 1168 2352 cado
1205 2294 1372 2353 texit
1413 2294 1779 2379 Corynaeus
1819 2291 2056 2355 aheno.

493 2405 662 2469 Idem
699 2427 796 2470 ter
835 2411 1040 2471 socios
1081 2432 1237 2495 pura
1276 2411 1673 2473 circumtulit
1714 2409 1915 2489 unda,

500 2529 808 2618 spargens
847 2550 988 2591 rore
1026 2528 1151 2592 levi
1195 2546 1258 2592 et
1296 2552 1464 2593 ramo
1503 2529 1714 2595 felicis
1754 2532 2007 2608 olivae;

497 2650 948 2734 Lustravitque
987 2652 1192 2726 viros,
1232 2647 1532 2736 dixitque
1573 2651 1911 2712 novissima
1948 2645 2181 2712 verba.

494 2772 578 2829 At
619 2770 763 2853 pius
801 2771 1044 2830 Aeneas
1083 2769 1335 2858 ingenti
1377 2766 1540 2830 mole
1573 2765 1935 2851 sepulcrum

499 2889 811 2973 Inponit,
848 2909 1088 2974 suaque
1127 2909 1298 2966 arma
1336 2889 1509 2962 vire,
1551 2905 1955 2971 remumque,
1998 2880 2378 2968 tubamque,

501 3011 718 3068 Monte
756 3003 875 3070 sub
914 3007 1118 3068 aerio:
1165 3009 1282 3093 qui
1319 3029 1484 3070 nunc
1527 3008 1809 3068 Misenus
1849 3003 1933 3068 ab
1970 3002 2087 3066 illo

501 3128 787 3202 Dicitur,
831 3143 1286 3212 aeternumque
1325 3142 1499 3188 tenet
1537 3147 1650 3212 per
1689 3123 1947 3188 saecula
1990 3144 2241 3188 nomen.

597 3247 713 3306 His
754 3247 948 3321 actis,
991 3266 1255 3331 propere
1294 3249 1668 3334 exsequitur
1698 3263 2037 3330 praecepta
2063 3240 2383 3333 Sibyllae.

506 3363 816 3448 Spelunca
855 3364 988 3427 alta
1027 3360 1192 3442 fuit,
1231 3383 1542 3451 vastoque
1580 3365 1868 3427 immanis
1910 3361 2135 3439 hiatu,

509 3485 817 3567 Scrupea,
855 3499 1002 3545 tuta
1038 3483 1179 3546 lacu
1221 3487 1406 3574 nigro
1449 3505 1896 3570 nemorumque
1939 3481 2249 3560 tenebrist,

510 3605 704 3681 Quam
747 3625 940 3688 super
981 3600 1153 3670 haud
1189 3604 1364 3668 ullae
1403 3622 1696 3690 poterant
1740 3607 1997 3690 impune
2038 3601 2323 3665 volantes

511 3720 794 3784 Tendere
837 3726 962 3786 iter
1003 3727 1258 3809 pennis:
1302 3727 1450 3789 talis
1491 3748 1622 3788 sese
1661 3723 1905 3788 halitus
1942 3723 2100 3784 atris

509 3840 828 3904 Faucibus
865 3839 1196 3908 effundens
1235 3867 1462 3932 supera
1501 3845 1580 3910 ad
1618 3865 1905 3909 convexa
1938 3836 2217 3904 ferebat.

511 3959 829 4036 Quattuor
869 3959 980 4026 hic
1022 3967 1292 4048 primum
1334 3969 1658 4055 nigrantes
1699 3982 1883 4052 terga
1924 3961 2225 4022 iuvencos
