3400 5175
1000 494 1159 545 202
1636 494 1712 546 P.
1807 493 2344 549 VIRGILII
2579 495 2740 581 244

1090 626 1207 687 His
1241 621 1416 687 aliud
1452 625 1647 711 majus
1685 628 1957 689 Iuturna
1997 625 2326 716 adiungit,
2371 645 2436 691 et
2479 629 2612 692 alto

1092 744 1217 807 Dat
1258 745 1505 831 signum
1544 742 1764 820 cae103
1803 765 1932 830 quo
1973 764 2094 807 non
2132 748 2527 828 praesentius
2568 746 2774 811 ullum

1088 860 1407 925 Turbavit
1444 880 1682 926 mentes
1725 862 1954 939 Italae,
1997 879 2403 949 monstroque
2441 858 2715 927 fefellit.

1090 983 1381 1068 Namque
1419 980 1639 1045 volans
1672 981 1865 1045 rubra
1904 977 2122 1044 fulvus
2161 983 2333 1043 Iovis
2373 980 2502 1046 ales
2541 986 2607 1046 in
2647 980 2874 1047 aethra

1089 1100 1379 1163 Litoreas
1419 1097 1726 1189 agitabat⁶
1753 1120 1936 1175 avec,
1976 1098 2346 1187 turbamque
2388 1120 2712 1165 sonantem

1092 1220 1381 1308 Agminis
1415 1218 1680 1307 aligeri;
1723 1215 1940 1281 subito
1979 1240 2174 1304 quum
2211 1218 2424 1305 lapsus
2463 1218 2546 1284 ad
2588 1220 2784 1284 undas

1094 1340 1380 1426 Cycnum
1417 1336 1836 1401 excellentem
1876 1334 2148 1423 pedibus
2187 1340 2354 1423 rapit
2395 1338 2718 1425 improbus
2755 1314 2966 1403 uncis.

1090 1456 1415 1521 Adrexere
1457 1458 1697 1519 animos
1739 1456 1928 1534 Itali,
1967 1474 2367 1547 cunctaeque
2405 1458 2698 1521 volucres

1091 1580 1488 1639 Convertunt
1528 1576 1800 1641 clamore
1841 1574 2102 1666 fugam;
2141 1575 2432 1643 mirabile
2472 1580 2652 1655 vieu;

1090 1692 1504 1784 Aetheraque
1544 1694 1883 1759 obscurant
1917 1698 2166 1781 pennis,
2207 1692 2582 1784 hostemque
2625 1716 2741 1782 per
2781 1717 2966 1761 auras

1090 1804 1494 1878 Facta'nube
1534 1831 1855 1900 premunt:
1902 1814 2100 1878 donec
2141 1818 2209 1877 vi
2249 1818 2462 1879 victus
2499 1832 2565 1878 et
2607 1818 2744 1902 ipso

1090 1931 1375 1996 Pondere
1414 1929 1684 2010 defecit,
1729 1932 2148 2019 praedamque
2188 1955 2268 1997 ex
2307 1932 2630 2024 unguibus
2671 1932 2796 1996 ales

1092 2053 1370 2114 Proiecit
1412 2046 1647 2128 fluvi0,
1694 2054 2073 2139 penitusque
2113 2054 2179 2114 in
2221 2050 2443 2117 nubila
2482 2048 2685 2141 fugit.

1094 2175 1255 2232 Tum
1297 2190 1447 2234 vero
1485 2171 1821 2259 augurium
1861 2168 2092 2232 Rutuli
2132 2170 2406 2233 clamore
2445 2168 2774 2246 salutant,

1092 2288 1595 2377 Expediuntque
1638 2310 1886 2352 manus:
1933 2292 2302 2377 primusque
2341 2289 2716 2353 Tolumnius
2745 2309 2970 2377 augur,

1094 2412 1232 2474 Hoc
1274 2426 1443 2486 erat,
1483 2406 1635 2485 hoc,
1678 2412 1885 2485 votis,
1930 2411 2181 2496 inquit,
2223 2407 2394 2495 quod
2437 2429 2623 2493 saepe
2665 2410 2898 2493 petivi.

1092 2531 1362 2616 Accipio
1402 2526 1852 2619 adgnoscoque
1893 2526 2074 2592 deos:
2117 2549 2239 2604 me,
2283 2549 2378 2590 me
2417 2525 2577 2590 duce
2619 2522 2852 2590 ferrum

1093 2651 1449 2736 Corripite,
1492 2671 1531 2710 o
1572 2650 1821 2725 miseri,
1861 2669 2022 2734 quos
2065 2645 2390 2733 improbus
2425 2645 2670 2709 advena
2709 2643 2882 2710 bello

1096 2769 1415 2845 Territa,
1458 2767 1777 2832 invalidas
1817 2783 1888 2830 ut
1931 2784 2114 2841 aves;
2156 2785 2220 2826 et
2261 2764 2456 2827 litora
2493 2783 2705 2827 vestra

1096 2891 1180 2950 Vi
1218 2889 1521 2974 populat.
1563 2891 1748 2952 Petet
1790 2887 1904 2951 ille
1943 2882 2196 2976 fugam,
2239 2888 2626 2970 penitusque
2659 2878 2972 2970 profunde

1094 3007 1257 3070 Vela
1298 3005 1513 3071 dabit.
1553 3010 1683 3070 Vos
1725 3007 2010 3070 unanimi
2051 3004 2306 3069 densate
2345 3017 2670 3079 catervas,

1095 3092 1189 3184 Etl
1218 3146 1427 3212 regem
1466 3123 1651 3188 vobis
1674 3147 1910 3216 ‘pugna
1944 3121 2274 3188 defendite
2313 3137 2600 3208 raptum.

1095 3243 1311 3318 Dixit,
1352 3257 1417 3304 et
1460 3241 1754 3306 adversos
1794 3242 1990 3307 telum
2032 3243 2342 3306 contorsit
2382 3245 2448 3304 in
2489 3237 2704 3304 hostes

1094 3363 1508 3425 Procul-rens:
1550 3365 1826 3425 sonitum
1875 3360 1986 3425 dat
2025 3359 2298 3424 stridula
2338 3345 2602 3433 cornus,
2643 3375 2711 3420 et
2747 3376 2928 3418 auras

1096 3482 1289 3544 Certa
1304 3499 1479 3544 secat
1498 3525 1516 3542 .
1541 3481 1743 3544 Simul
1760 3480 1915 3558 hoc,
1951 3475 2738 3567 simuliugensclamor,et
2759 3493 2972 3536 omnes

1096 3597 1369 3664 Turbati
1407 3603 1634 3677 cunei,
1672 3597 2121 3686 calefactaque
2161 3593 2354 3660 corda
2393 3593 2709 3657 tumultu.

1096 3723 1302 3783 Hasta
1340 3719 1594 3798 volana,
1646 3739 1718 3782 ut
1763 3717 1928 3784 forte
1969 3739 2190 3782 novem
2235 3707 2979 3808 pulcherrimafratrum

1096 3840 1379 3927 Corpora
1414 3823 1837 3904 cons'titerant
1880 3856 2140 3917 contra,
2175 3857 2336 3923 quos
2376 3830 2497 3898 fida
2536 3849 2781 3901 crearat
