3400 5175
1093 682 1549 741 Anuzrnos
1612 688 1785 741 Lm.
1851 690 1978 742 xr.
2128 666 2286 744 663
2418 668 2569 747 183

710 816 1002 879 Feminea
1034 814 1359 880 exsultant
1400 815 1637 881 lunatis
1677 824 1931 909 agmina
1972 820 2192 907 peltis.

706 940 899 1015 Quem
940 935 1069 997 telo
1111 938 1415 1021 primum,
1456 956 1645 1024 quem
1679 956 2094 1023 postremum,
2121 962 2340 1027 aspera
2371 941 2582 1031 virgo,

710 1046 993 1116 Deiicis?
1032 1071 1141 1115 aut
1180 1074 1339 1141 quot
1380 1052 1561 1118 humi
1602 1057 1934 1119 morientia
1970 1078 2237 1143 corpora
2279 1052 2541 1121 fundis?

712 1155 992 1235 Eunefini
1036 1172 1259 1261 Clytio
1298 1176 1570 1259 primum
1610 1190 1824 1259 patre:
1869 1177 2052 1238 cuius
2087 1194 2372 1262 apertum

713 1288 973 1353 Adversi
1018 1291 1206 1381 longa
1242 1290 1711 1356 transverberat
1749 1290 1962 1357 abiete
2001 1314 2253 1379 pectus.

712 1412 1055 1499 Sanguinis
1095 1410 1210 1474 ille
1251 1433 1503 1475 vomens
1544 1413 1714 1474 rivos
1751 1408 1958 1487 cadit,
2001 1430 2192 1497 atque
2230 1428 2556 1473 cruentam

714 1528 967 1593 Mandit
994 1528 1283 1608 humum,
1315 1534 1714 1617 moriensque
1742 1550 1946 1591 suo·se
1975 1532 2042 1592 in
2068 1529 2332 1592 vulnere
2357 1549 2594 1595 versat.

714 1648 875 1709 Tum
905 1650 1097 1711 Lirim
1127 1651 1557 1737 Pagasumque
1582 1670 2092 1736 superzquorum
2120 1646 2286 1712 alter
2311 1644 2588 1713 habenas

714 1762 991 1829 Suffosso
1031 1768 1361 1832 ievolutus
1400 1790 1569 1857 equo
1608 1767 1756 1833 dum
1799 1766 2092 1856 colligit,
2132 1766 2294 1829 alter

715 1886 875 1947 Dum
920 1884 1131 1963 subit,
1172 1909 1244 1951 ac
1286 1888 1573 1952 dextram
1612 1886 1859 1951 labenti
1903 1884 2108 1949 tendit
2148 1888 2482 1961 inermem,

716 2006 1109 2090 Praecipites
1148 2010 1519 2095 pariterque
1570 2024 1801 2070 ruunt.
1853 2006 1969 2067 His
2011 2002 2193 2067 addit
2237 2008 2592 2069 Amastrum

715 2126 1161 2211 Hippotaden;
1200 2130 1623 2214 sequiturque
1665 2120 2034 2188 incumbens
2073 2126 2318 2185 eminus
2356 2120 2539 2187 hasta

713 2242 1125 2326 Tereaque,H
1140 2241 1667 2329 arpalycumque,
1682 2258 1744 2302 et
1766 2240 2268 2330 Demophoonta,
2283 2240 2749 2332 Chromimque:

716 2362 1018 2445 Quotque
1056 2363 1279 2423 emissa
1316 2381 1502 2423 manu
1545 2365 1857 2425 contorsit
1889 2361 2142 2449 spicula
2180 2364 2404 2451 virgo,

716 2481 840 2541 Tot
878 2476 1147 2569 Phrygii
1188 2478 1477 2543 cecidere
1514 2482 1676 2543 viri.
1732 2480 1961 2543 Procul
2000 2484 2281 2568 Ornytus
2322 2482 2508 2543 armis

716 2600 1003 2688 Ignotis‚
1045 2617 1111 2660 et
1150 2621 1317 2687 equo
1357 2617 1623 2664 venator
1664 2602 1918 2690 Iapyge
1955 2597 2195 2662 fertur:

718 2719 839 2781 Cui
878 2715 1065 2804 pellis
1106 2715 1273 2780 latos
1310 2713 1601 2780 humeros
1642 2735 1866 2803 erepta
1905 2720 2176 2780 iuvenco

717 2839 1063 2924 Pugnatori
1106 2838 1351 2921 operit;
1396 2853 1589 2922 caput
1630 2839 1856 2924 ingens
1894 2836 2022 2898 oris
2057 2829 2272 2896 hiatus

720 2957 803 3016 Et
841 2953 1041 3016 malae
1073 2971 1291 3016 texere
1328 2952 1469 3039 lupi
1510 2943 1654 3018 cum
1692 2952 1995 3019 dentibus
2031 2951 2226 3028 albis,

721 3075 1141 3162 Agrestisque
1178 3095 1398 3136 manus
1440 3091 1641 3138 armat
1676 3095 1930 3160 sparus.
1981 3075 2126 3160 Ipse
2166 3071 2441 3135 catervis

722 3195 1015 3255 Vertitur
1051 3195 1116 3255 in
1157 3191 1417 3266 mediis,
1459 3210 1524 3255 et
1568 3209 1710 3255 toto
1749 3195 1993 3256 vertice
2030 3213 2224 3277 supra
2264 3206 2390 3254 est.

720 3315 907 3374 Hunc
951 3311 1063 3375 illa
1102 3331 1474 3396 exceptum,
1495 3332 1700 3400 neque
1725 3311 1888 3373 enim
1913 3309 2093 3374 labor
2121 3311 2370 3400 agmine
2395 3327 2602 3383 verse,

721 3433 1028 3507 Traiicit,
1068 3449 1131 3492 et
1177 3453 1365 3517 super
1406 3427 1559 3494 haec
1604 3431 1863 3493 inimico
1905 3447 2162 3514 pectore
2201 3425 2403 3491 fatur:

722 3550 915 3614 Silvis
956 3568 1059 3627 te,
1103 3548 1469 3639 Tyri-hene,
1515 3547 1679 3613 feras
1722 3550 1974 3637 agitare
2017 3539 2310 3634 putasti?

728 3669 1007 3732 Advenit
1049 3671 1163 3756 qui
1209 3685 1420 3734 vestra
1461 3668 1597 3733 dies
1639 3662 2060 3730 muliebribus
2097 3668 2286 3728 armis

724 3785 938 3850 Verba
979 3784 1413 3876 redarguerit.
1467 3791 1709 3850 Nomen
1751 3803 1958 3848 tamen
1999 3779 2170 3848 haud
2197 3782 2338 3845 leve
2363 3795 2610 3866 patrum

728 3903 1031 3970 Manibus
1070 3903 1189 3969 hoc
1236 3903 1507 3985 referes,
1546 3906 1677 3970 telo
1720 3903 2028 3968 cecidisse
2064 3899 2404 3964 Camillae.

728 4026 1022 4088 Protinus
1046 4023 1449 4092 Orsilochum
1470 4043 1535 4090 et
1564 4031 1803 4103 Buten,
1840 4022 1966 4087 duo
1991 4023 2266 4086 maxima
2294 4013 2607 4084 Teucrum
