3400 5175
1116 602 1274 679 232
1875 632 2377 686 GVLEx.
2541 615 2642 690 23

1208 762 1300 821 Te
1343 761 1579 823 tutriee
1622 783 1822 851 vagus
1863 762 2066 825 saltus
2105 760 2272 827 feror
2317 769 2484 830 inter
2525 787 2588 831 et
2631 789 2838 834 antra.

1303 884 1386 942 At
1430 896 1537 958 tu,
1578 883 1687 943 cui
1737 884 1975 945 meritis
2018 886 2225 945 oritur
2265 880 2496 948 fiducia
2538 891 2774 965 tantis,

1204 1003 1435 1064 Octavi
1475 1000 1870 1077 venerande,
1913 1006 2066 1065 meis
2102 1004 2401 1069 adlabere
2441 1012 2721 1093 coeptis:

1200 1122 1407 1182 Triste
1450 1122 1620 1182 Iovis
1664 1118 1820 1183 mihi
1867 1143 2136 1208 namque
2177 1126 2350 1185 canit
2394 1147 2518 1187 non
2559 1128 2792 1215 pagina
2823 1124 3079 1204 bellum,

1198 1238 1475 1331 Phlegra
1520 1243 1836 1331 Giganteo
1879 1264 2092 1327 sparsa
2131 1261 2225 1305 est
2263 1264 2390 1331 quo
2431 1247 2740 1334 sanguine
2783 1246 3008 1325 tellus;

1194 1362 1327 1423 Nec
1370 1364 1758 1423 Centaureos
1803 1360 2104 1445 Lapithas
2145 1363 2473 1449 compellit
2519 1371 2580 1426 in
2621 1386 2830 1443 enses;

1196 1480 1343 1542 Vrit
1384 1476 1770 1543 Erechtheas
1807 1480 2030 1541 Oriens
2077 1500 2194 1543 non
2239 1480 2493 1570 ignibus
2533 1504 2745 1559 arces;

1194 1602 1337 1663 Non
1378 1596 1693 1685 perfossus
1741 1597 1964 1675 Athos,
2005 1622 2114 1662 nec
2161 1622 2386 1689 magno
2423 1601 2678 1663 vincula
2725 1618 2919 1687 ponto

1196 1722 1405 1795 Iacta,
1449 1741 1584 1780 meo
1624 1737 1928 1805 quaerent
1973 1721 2094 1781 iam
2137 1742 2276 1782 sera
2319 1720 2639 1815 yolumine
2681 1718 2947 1799 famam3

1193 1839 1335 1899 Non
1381 1836 1826 1921 Hellespontus
1871 1834 2138 1921 pedibus
2178 1836 2467 1921 pulsatus
2505 1834 2854 1923 equorum,

1191 1958 1463 2018 Graecia
1504 1978 1700 2042 quum
1749 1959 1967 2018 timuit
2010 1958 2334 2017 venientes
2377 1955 2654 2041 undique
2701 1958 2950 2019 Persas:

1188 2075 1413 2137 Mollia
1450 2074 1557 2138 sed
1604 2081 1778 2137 tenui
1821 2096 2190 2161 percurrere
2227 2077 2505 2137 carmina
2545 2098 2762 2151 versu,
2803 2092 2868 2137 et

1187 2192 1451 2257 Viribus
1496 2212 1651 2280 apta
1686 2197 1818 2256 suis
1863 2192 2112 2257 Phoebo
2151 2192 2315 2257 duce
2353 2192 2570 2256 ludere
2611 2193 2887 2284 gaudet.

1184 2314 1265 2374 Et
1306 2330 1414 2388 tu,
1454 2330 1667 2376 sancte
1710 2336 1899 2400 puer,
1947 2312 2398 2389 memorabere;
2442 2316 2533 2376 sic
2579 2312 2702 2377 tibi
2741 2332 2972 2399 perstet

1182 2431 1407 2494 Gloria
1448 2452 1824 2519 perpetuum
1867 2433 2058 2496 saecli
2105 2437 2354 2496 victura
2397 2456 2506 2518 per
2547 2453 2806 2497 aevum:

1185 2553 1262 2613 Et
1310 2567 1372 2614 te
1412 2550 1558 2616 sede
1598 2554 1706 2638 pia
1747 2572 1991 2616 maneat
2036 2552 2244 2630 locus,
2285 2571 2351 2616 et
2395 2551 2517 2617 tibi
2559 2575 2768 2640 sospes

1182 2667 1417 2732 Debita
1459 2666 1679 2733 felices
1719 2693 2086 2736 numeretur
2125 2676 2262 2737 vita
2300 2695 2411 2760 per
2451 2697 2678 2750 annos,

1178 2790 1407 2865 Grata,
1448 2787 1627 2852 bonis
1670 2790 1920 2854 lucens·
1975 2792 2096 2856 Sed
2135 2815 2243 2856 nos
2286 2793 2365 2856 ad
2409 2811 2634 2878 coepta
2675 2789 2976 2856 feramur.

1276 2908 1509 2994 Igneus
1552 2907 1872 2972 aetherias
1909 2913 2031 2974 iam
2073 2912 2176 2975 Sol
2219 2929 2579 2998 penetrarat
2623 2913 2689 2974 in
2731 2931 2942 2988 arces,

1176 3024 1593 3112 Candidaque
1633 3047 1854 3092 aurato
1893 3029 2236 3120 quatiebat
2273 3031 2510 3094 lumina
2547 3053 2775 3107 curru,

1174 3143 1471 3206 Crinibus
1510 3165 1569 3206 et
1614 3151 1808 3210 roseis
1849 3150 2142 3214 tenebras
2184 3155 2424 3213 Aurora
2463 3147 2752 3240 fugarat:

1170 3262 1465 3347 Propulit
1504 3283 1571 3326 ut
1616 3265 1888 3330 stabulis
1929 3267 2006 3332 ad
2050 3268 2282 3354 pabula
2325 3268 2495 3332 laeta
2531 3267 2808 3355 capellas

1171 3383 1429 3458 Pastor,
1466 3403 1530 3446 et
1568 3386 1805 3448 excelsi
1847 3391 2076 3451 montis
2113 3393 2268 3479 iuga
2301 3409 2536 3450 summa
2577 3391 2849 3472 petivit,

1166 3499 1377 3562 Vvida
1418 3525 1545 3589 qua
1590 3505 1838 3588 patulos
1876 3505 2171 3571 velabant
2211 3511 2494 3598 gramina
2531 3509 2763 3572 colles.

1164 3620 1296 3678 Iam
1338 3617 1521 3681 silvis
1561 3618 1897 3712 dumisque
1935 3649 2170 3716 vagae,
2211 3630 2335 3691 iam
2373 3627 2654 3692 vallibus
2690 3627 2934 3693 abdunt

1162 3737 1479 3821 Corpora;
1522 3743 1772 3828 iamque
1811 3749 1978 3807 omni
2019 3751 2289 3812 nemoris
2329 3748 2410 3813 de
2448 3767 2628 3836 parte
2669 3769 2968 3840 vagantes

1162 3857 1314 3916 Seru
1329 3878 1439 3941 pea
1480 3857 1768 3924 desertae
1807 3885 2150 3952 perrepunt
2189 3872 2334 3934 avia
2374 3872 2581 3956 rupis.

1159 3973 1529 4040 Tondentur
1573 3981 1785 4045 tenero
1821 3984 2170 4052 viridantia
2207 3991 2498 4080 gramina
2537 3988 2770 4068 dente3
