3400 5175
942 582 1173 687 196-
1551 601 1625 653 P.
1708 598 2251 653 vrao1L11
2567 576 2668 678 76

1024 730 1213 799 Haud
1252 730 1569 824 placitura
1608 726 1804 793 refer:
1847 736 2052 811 Quum
2096 735 2366 817 primum
2405 734 2684 795 crastina
2713 731 2896 796 caelo

1025 855 1322 915 Puniceis
1363 831 1617 912 indecta
1660 853 1818 931 rotis
1861 854 2104 912 Aurora
2140 851 2461 928 rubescit,

1024 974 1169 1035 Non
1179 975 1457 1032 Teucros
1476 983 1622 1055 agat
1639 970 1706 1029 iu
1725 968 2032 1031 Rutulos:
2049 945 2362 1033 Teucrum
2380 992 2552 1033 arma
2569 972 2902 1057 quiescant
2915 1016 2938 1047 ,

1022 1090 1107 1151 Et
1151 1087 1412 1149 Rutuli:
1466 1102 1679 1147 nostro
1723 1084 2090 1152 dirimamus
2128 1092 2434 1178 sanguine
2475 1088 2752 1153 bellum.

1024 1204 1153 1269 Illo
1189 1221 1537 1291 quaeratur
1577 1206 1814 1266 coniux
1854 1207 2120 1269 Lavinia
2159 1229 2378 1294 campo
2403 1252 2421 1271 .

1122 1324 1293 1385 Haec
1336 1320 1450 1385 ubi
1486 1320 1666 1384 dicta
1707 1320 1922 1398 dedit,
1969 1325 2222 1410 rapidus
2263 1330 2327 1390 in
2371 1341 2546 1389 tecta
2587 1327 2871 1389 recessit:

1025 1444 1239 1505 Poscit
1276 1462 1499 1528 equos,
1542 1438 1912 1530 gaudetque
1956 1460 2138 1505 tuens
2188 1462 2334 1507 ante
2373 1465 2485 1506 ora
2527 1439 2858 1507 frementes
2875 1461 2904 1521 ;‘

1027 1560 1316 1623 Pilumno
1356 1579 1517 1645 quos
1557 1561 1698 1644 ipsa
1735 1556 1926 1622 decus
1966 1558 2146 1623 dedit
2183 1558 2526 1649 Orithyia;

1025 1680 1150 1758 Qui
1190 1676 1463 1741 candore
1502 1680 1679 1740 nives
1715 1680 2073 1756 anteirent,
2115 1677 2410 1742 cursibus
2453 1700 2672 1740 auras.

1026 1776 1477 1860 Circumstant·
1495 1798 1751 1882 properi
1788 1798 2079 1885 aurigae,
2131 1796 2546 1883 manibusque
2586 1796 2904 1859 lacessunt

1028 1918 1295 1979 Pectora
1334 1914 1556 2002 plausa
1593 1917 1804 1992 cavis,
1845 1932 1908 1978 et
1952 1916 2121 1979 colla
2160 1920 2478 1979 comantia
2515 1932 2814 2001 pectunt.

1028 2038 1174 2118 Ipse
1212 2032 1446 2097 dehinc
1484 2056 1639 2097 auro
1678 2034 2076 2121 squalentem
2117 2034 2395 2122 alboque
2435 2032 2764 2097 orichalco

1027 2152 1393 2215 Circumdat
1428 2152 1691 2215 loricam
1733 2151 2052 2231 humeris;
2091 2154 2281 2216 simul
2324 2169 2503 2240 aptat
2549 2144 2842 2215 habendo

1026 2274 1381 2359 Eusemque
1418 2271 1826 2358 clipeumque
1867 2291 1938 2335 et
1973 2268 2202 2335 rubrae
2240 2292 2475 2334 cornua
2514 2271 2778 2345 cristata

1030 2393 1255 2453 Ensem
1292 2410 1479 2477 quem
1516 2393 1740 2452 Dauno
1780 2390 2142 2479 ignipotens
2183 2389 2336 2453 deus
2379 2392 2516 2474 ipse
2557 2387 2806 2473 parenti

1032 2512 1329 2585 Fecerat,
1366 2524 1433 2570 et
1472 2510 1706 2598 Stygia
1739 2508 2112 2572 candentem
2153 2488 2429 2572 tinxerat
2469 2507 2666 2570 unda.

1024 2630 1225 2706 Exin,
1266 2649 1429 2714 quae
1473 2625 1693 2690 mediis
1736 2631 1985 2718 ingenti
2029 2627 2265 2691 adnixa
2306 2629 2640 2692 columnae

1028 2745 1313 2810 Aedibus
1352 2746 1677 2826 adstabat,
1720 2747 1996 2811 validam
2038 2749 2105 2808 vi
2141 2749 2410 2834 corripit
2452 2745 2731 2824 hastam,

1032 2869 1289 2930 Actoris
1330 2869 1611 2930 Aurunci
1654 2867 1967 2952 spolium;
2011 2884 2395 2954 quassatque
2437 2881 2842 2942 trementem,

1030 2981 1433 3048 vociferans:
1476 2987 1695 3062 Nunc,
1739 3007 1778 3046 o
1817 3006 2158 3070 numquam
2200 2979 2504 3046 frustrata
2545 3002 2809 3046 vocatus

1036 3105 1235 3164 Hasta
1274 3123 1473 3179 meos,
1513 3125 1678 3166 nunc
1721 3121 1964 3190 tempus
2004 3103 2215 3166 adest:
2260 3122 2324 3165 te
2351 3106 2906 3198 maximusuActor,

1039 3224 1131 3281 Te
1170 3223 1371 3282 Turni
1414 3243 1577 3284 nunc
1614 3220 1840 3285 dextra
1880 3226 2086 3310 gerit.
2139 3225 2233 3284 Da
2271 3237 2546 3284 sternere
2586 3243 2850 3307 corpus,

1035 3343 1455 3427 Loricamque
1495 3362 1680 3403 manu
1725 3341 1944 3404 valida
1981 3339 2264 3402 lacerare
2300 3339 2614 3402 revulsam

1034 3459 1333 3522 Semiviri
1368 3456 1682 3550 Phrygis,
1725 3479 1789 3524 et
1833 3456 2088 3524 foedare
2129 3461 2196 3521 in
2236 3457 2499 3544 pulvere
2539 3461 2743 3520 crines

1034 3577 1337 3641 vibratos
1372 3578 1583 3642 calido
1620 3576 1790 3642 ferro
1832 3576 2217 3667 myrrhaque
2255 3574 2604 3639 madentes.

1035 3697 1156 3759 His
1198 3698 1413 3784 agitur
1454 3693 1669 3760 furiis:
1715 3717 1981 3784 totoque
2017 3695 2294 3760 ardentis
2331 3694 2410 3759 ab
2451 3717 2557 3759 ore

1034 3814 1369 3878 Scintillae
1408 3813 1761 3892 absistunt3
1797 3816 2004 3879 oculis
2045 3817 2231 3879 micat
2269 3813 2520 3879 acribus
2561 3815 2762 3901 ignis.

1033 3934 1333 4024 Mugitus
1369 3933 1577 3998 veluti
1618 3957 1812 4023 quum
1856 3937 2057 4022 prima
2095 3936 2160 3998 in
2201 3933 2448 4022 proelia
2490 3949 2708 3998 taurus
