3400 5175
16 4517 31 4788 ...a-—v—-v—

980 476 1129 556 116
1623 493 1697 547 ι».
1759 490 2282 547 vtltotmt
2573 470 2732 573 579

1067 631 1345 721 Insignis
1386 621 1587 691 facie:
1632 628 1886 716 genitor
1929 648 2116 713 quem
2162 627 2418 689 miserat
2463 626 2734 704 Arcens,

1066 750 1388 815 Eductam
1424 749 1649 811 mattis
1690 746 1872 823 luco,
1912 742 2285 835 Symaethia
2321 748 2564 808 circum

1067 872 1395 946 Flumina;
1438 869 1701 957 pinguia
1737 866 1850 931 ubi
1892 883 1954 929 et
1999 863 2340 951 placabilis
2377 886 2488 927 ara
2529 864 2766 929 Palici.

1072 988 1459 1053 Stridentem
1502 984 1796 1061 fundam,
1841 988 2068 1073 positia
2107 988 2463 1049 Mezentius
2483 975 2740 1063 “hastis,

1072 1110 1217 1195 Ipse
1260 1127 1356 1169 ter
1394 1104 1669 1170 adducta
1711 1108 1950 1169 circum
1993 1124 2188 1191 caput
2229 1107 2363 1193 egit
2409 1102 2692 1183 habena3

1074 1234 1151 1291 Et
1198 1225 1402 1291 media
1442 1224 1691 1291 adversi
1736 1221 2088 1313 liquefacto
2127 1243 2414 1309 tempora
2455 1224 2716 1309 plumbo

1076 1343 1364 1422 Diffidit‚
1404 1368 1478 1407 ac
1522 1346 1725 1407 multa
1767 1364 2126 1431 porrectum
2169 1344 2458 1407 extendit
2499 1366 2716 1407 arena.

1075 1472 1237 1531 Tum
1280 1469 1549 1553 primum
1586 1463 1760 1529 bello
1799 1465 2066 1529 celerem
2109 1462 2452 1527 intendisse
2493 1466 2797 1557 sagittam

1080 1588 1371 1662 Dicitur,
1415 1605 1561 1647 ante
1601 1578 1764 1646 feras
1799 1583 2030 1647 solitus
2073 1600 2310 1647 terrere
2348 1580 2646 1673 faganea,

1080 1708 1421 1781 Ascanium
1460 1700 1822 1789 fortemque
1865 1723 2050 1765 manu
2093 1698 2330 1765 fudisse
2375 1704 2768 1779 Numanum3

1082 1830 1203 1888 Cui
1240 1822 1510 1887 Remulo
1548 1843 1894 1913 cognomen
1935 1840 2112 1897 etat;
2149 1823 2478 1910 Turnique
2519 1824 2826 1885 minorem

1082 1948 1451 2005 Germanam
1496 1963 1695 2027 nuper
1740 1938 2014 2003 thalamo
2055 1944 2332 2005 sociatus
2371 1938 2686 2005 habebat.

1079 2066 1141 2125 Is
1184 2065 1439 2148 primam
1483 2080 1631 2123 ante
1672 2063 1872 2123 aciem
1913 2060 2110 2151 digna
2149 2078 2345 2149 atque
2385 2060 2653 2150 indigna
2693 2061 2895 2125 relatu

1078 2179 1483 2257 Vociferans,
1528 2179 1940 2267 tumidusque
1972 2203 2134 2245 novo
2176 2180 2548 2268 praecordia
2585 2204 2814 2275 regno,

1078 2302 1261 2378 Ibat,
1302 2319 1365 2364 et
1408 2304 1730 2390 ingentem
1771 2316 1905 2364 sese
1941 2303 2216 2366 clamore
2257 2299 2542 2368 ferebat:

1178 2424 1319 2484 Non
1360 2420 1557 2509 pudet
1597 2420 1932 2485 obsidione
1973 2424 2204 2485 iterum
2245 2420 2547 2509 valloque
2589 2423 2822 2497 teneri,

1081 2544 1185 2606 Bis
1222 2545 1397 2629 capti
1443 2538 1762 2632 Phryga,
1805 2562 1872 2607 et
1915 2545 2094 2608 marti
2139 2540 2551 2630 praetendere
2596 2532 2844 2607 muros?

1083 2667 1211 2740 En,
1252 2666 1366 2750 qui
1409 2683 1625 2726 nostra
1666 2660 1794 2727 sihi
1836 2661 2010 2726 bello
2049 2661 2368 2728 connubia
2414 2655 2710 2750 poscunt!

1080 2787 1237 2867 Quis
1278 2782 1431 2847 deus
1469 2783 1758 2862 Italiam,
1799 2804 1966 2873 quae
2006 2805 2118 2846 vos
2153 2781 2470 2846 dementia
2512 2773 2776 2872 adegit?

1081 2909 1221 2968 Non
1264 2903 1371 2969 hle
1414 2903 1710 2981 Atridae,
1755 2927 1867 2968 nec
1909 2899 2086 2968 fandi
2133 2900 2314 2968 fictor
2359 2901 2634 2990 Vlyxes.

1081 3028 1323 3088 Durum
1366 3023 1449 3088 ab
1486 3027 1687 3109 stirpe
1729 3045 1958 3114 genua,
2001 3041 2182 3086 natos
2217 3023 2296 3088 ad
2337 3019 2597 3085 flumina
2641 3025 2908 3108 primum

1078 3139 1473 3220 Deferimus,
1512 3163 1829 3231 saevoque
1871 3141 2022 3233 gelu
2065 3139 2367 3206 duramus
2408 3161 2470 3203 et
2513 3141 2728 3204 undis:

1080 3267 1333 3327 Venatu
1372 3262 1724 3354 invigilant
1765 3266 1981 3352 pueri,
2025 3262 2346 3351 silvasque
2389 3259 2706 3352 fatigant:

1076 3384 1365 3446 Flectere
1400 3381 1590 3448 ludus
1626 3373 1859 3471 equos,
1901 3401 1964 3444 et
2009 3382 2258 3470 spicula
2300 3381 2558 3448 tendere
2599 3405 2828 3446 cornu.

1076 3507 1160 3564 At
1206 3505 1451 3588 patiens
1490 3525 1751 3589 operum
1795 3525 2128 3592 parvoque
2173 3492 2443 3569 adsueta
2481 3509 2782 3568 iuventus

1074 3629 1205 3686 Aut
1249 3627 1467 3687 rastris
1510 3644 1744 3688 terram
1779 3623 2025 3701 domat,
2069 3641 2178 3687 aut
2223 3626 2437 3713 quatit
2479 3623 2720 3710 oppida
2761 3594 2960 3688 be'llo.

1064 3745 1262 3808 Omne
1302 3766 1529 3807 aevum
1568 3740 1739 3808 ferro
1783 3745 2050 3822 teritur,
2089 3765 2396 3831 versaque
2435 3739 2774 3806 iuvencum

1072 3863 1281 3954 Terga
1324 3859 1671 3955 fatigamus
1713 3860 1936 3931 hasta:
1984 3885 2098 3930 nec
2145 3863 2330 3928 tarda
2371 3882 2666 3928 senectus
