3400 5175
903 598 1365 659 saturnos
1429 606 1603 661 ΜΒ.
1668 610 1758 661 x.
1879 614 2029 690 271
2201 592 2353 669 135

470 734 821 809 Funditur,
862 752 929 799 et
968 740 1179 799 vastos
1217 734 1407 801 umbo
1444 745 1641 803 vomit
1687 762 1918 804 aureus
1957 745 2170 833 ignes:

468 854 613 921 Non
650 880 862 933 secus,
908 879 981 919 ac
1022 856 1277 943 liquida
1316 860 1371 919 si
1409 858 1671 949 quando
1707 880 1894 924 nocte
1935 884 2219 928 cometae

476 976 823 1065 sanguinei
864 975 1135 1065 lugubre
1176 975 1439 1054 rubent,
1483 996 1593 1041 aut
1634 982 1838 1045 Sirius
1871 980 2088 1046 ardor:

477 1094 597 1159 Ille
632 1098 805 1159 sitim
848 1093 1227 1181 morbosque
1269 1091 1475 1159 ferens
1517 1098 1897 1162 mortalibus
1930 1104 2144 1192 aegris

481 1217 824 1289 Nascitur,
862 1232 923 1275 et
964 1214 1147 1275 laevo
1190 1218 1525 1278 contristat
1568 1216 1806 1281 lumine
1846 1218 2118 1281 caelum.

578 1332 766 1397 Haud
802 1350 1013 1396 tamen
1055 1333 1282 1398 audaci
1322 1338 1539 1397 Turno
1578 1332 1814 1399 fiducia
1851 1340 2036 1400 cessit

484 1455 705 1517 Litora
748 1454 1149 1538 praecipere,
1192 1470 1257 1516 et
1293 1455 1623 1517 venientes
1661 1455 1904 1543 pellere
1943 1476 2142 1519 terra.

486 1572 666 1653 Quod
709 1574 879 1635 votis
917 1576 1217 1657 optastis,
1260 1571 1473 1650 adest,
1518 1570 1916 1665 perfringere
1960 1574 2231 1639 dextra:

490 1696 565 1755 In
599 1690 893 1755 manibus
934 1714 1093 1755 mars
1134 1696 1302 1779 ipse,
1344 1695 1508 1757 viri.
1544 1696 1729 1759 Nunc
1771 1698 2064 1787 coniugis
2100 1714 2237 1759 esto

491 1816 776 1901 Quisque
814 1835 969 1879 suae
1007 1816 1295 1901 tectique
1342 1831 1609 1889 mennon
1655 1834 1820 1877 nunc
1863 1836 2083 1904 magua
2125 1812 2362 1879 referto

494 1938 719 2009 Facta,
760 1953 1007 2019 patrum
1050 1932 1299 1998 laudeS.
1342 1934 1527 1997 Vltro
1566 1954 1966 1997 occurramus
2006 1934 2084 1999 ad
2125 1934 2390 2011 undam,

494 2056 651 2116 Dum
694 2052 981 2138 trepidi,
1022 2055 1393 2141 egressique
1433 2052 1649 2117 labant
1688 2058 1968 2145 vestigia
2011 2058 2254 2143 prima,

498 2172 815 2238 Audentes
856 2175 1131 2235 Fortuna
1173 2174 1385 2235 iuvat.

498 2296 669 2357 Haec
708 2295 841 2368 ait,
877 2310 941 2353 et
984 2312 1194 2354 secum
1233 2312 1475 2370 versat,
1514 2316 1673 2380 quos
1713 2292 1946 2359 ducere
1984 2314 2243 2373 contra,

501 2413 615 2477 Vel
654 2410 897 2500 quibus
936 2408 1219 2474 obsessos
1261 2415 1455 2498 possit
1498 2411 1879 2475 concredere
1923 2434 2158 2475 muros.

592 2536 846 2594 Interea
884 2536 1127 2594 Aeneas
1166 2534 1369 2596 socios
1408 2531 1488 2596 de
1526 2528 1850 2618 puppibus
1892 2531 2040 2594 altis

504 2651 810 2717 Pontibus
848 2653 1143 2737 exponit:
1190 2650 1379 2714 multi
1421 2673 1673 2712 servare
1715 2671 2004 2711 recursus

507 2773 895 2864 Languentis
935 2769 1186 2860 pelagi,
1228 2788 1290 2832 et
1334 2768 1643 2834 brevibus
1682 2790 1748 2830 se
1787 2765 2045 2830 credere
2083 2764 2280 2830 saltu}

506 2895 619 2956 Per
662 2912 861 2955 remos
901 2892 1049 2955 alii.
1091 2890 1469 2976 Speculatus
1508 2889 1699 2952 litora
1738 2883 2024 2962 Tarcho,

507 3016 642 3093 Qua
682 3010 844 3075 vada
882 3035 1003 3074 non
1038 3013 1318 3098 spirant,
1356 3031 1469 3072 n-ec
1510 3003 1720 3071 fracta
1749 3019 2168 3068 remurmurat
2199 3001 2399 3081 unda,

506 3129 623 3194 Sed
668 3149 837 3193 mare
880 3125 1253 3192 inoffensum
1291 3131 1601 3192 crescenti
1641 3126 1976 3191 adlabitur
2011 3143 2228 3204 aestu;

512 3249 806 3314 Advertit
844 3247 1058 3314 subito
1100 3269 1360 3338 proras,
1402 3251 1738 3336 sociosque
1782 3265 2109 3334 precatur:

510 3371 729 3448 Nunc,
766 3392 806 3432 o
844 3368 1015 3433 lecta
1054 3390 1303 3445 manus,
1356 3367 1589 3434 validis
1628 3364 1976 3430 incumbite
2021 3365 2249 3439 remis;

513 3491 789 3568 Tollite,
832 3487 993 3552 ferte
1032 3507 1230 3562 rates;
1275 3489 1599 3554 inimicam
1640 3484 1863 3554 findite
1901 3486 2122 3547 rostris

515 3613 691 3673 Hanc
734 3629 995 3686 terram,
1037 3607 1413 3696 sulcumque
1454 3606 1579 3672 sibi
1624 3623 1868 3693 premat
1913 3607 2046 3688 ipsa
2086 3604 2337 3666 carina.

516 3733 833 3820 Frangere
874 3750 987 3792 nec
1026 3727 1144 3790 tali
1184 3729 1445 3814 puppim
1488 3728 1766 3790 statione
1807 3741 2068 3798 recuso;

520 3848 807 3938 Adrepta
850 3847 1082 3912 tellure
1120 3845 1346 3910 semel.
1384 3850 1559 3926 Quae
1600 3844 1759 3906 talia
1797 3861 2125 3928 postquam

472 4006 485 4064 '.
520 3965 767 4033 Effatus
802 3967 1088 4046 Tarchot,
1128 3969 1289 4031 socii
1328 3984 1707 4052 consurgere
1751 3961 1982 4032 tonsis,
