3400 5175
979 633 1081 707 72
1627 626 2295 683 1³.v1n011.11
2570 606 2715 682 131

1079 760 1202 823 Sed
1247 784 1376 823 mea
1421 783 1515 823 me
1557 762 1801 837 virtus,
1841 782 1905 824 et
1946 780 2163 824 sancta
2202 761 2462 824 oracula
2500 760 2750 841 divfim,

1075 885 1480 971 Cognatique
1525 900 1767 967 patrea,
1807 902 1919 945 tua
1960 884 2147 943 terris
2192 878 2402 943 didita
2442 878 2641 958 fama,

1075 1004 1482 1065 Coniunxere
1525 1000 1682 1079 tibi,
1723 1020 1783 1063 et
1834 998 1986 1063 fatis
2024 1024 2212 1091 egere
2256 1002 2603 1065 volentem.

1075 1120 1448 1196 Dardanus,
1490 1120 1729 1183 Iliacae
1772 1124 2011 1207 primus
2056 1139 2238 1207 pater
2284 1120 2462 1184 urbis
2500 1140 2565 1183 et
2606 1128 2863 1203 auctor',

1075 1238 1366 1314 Electra,
1409 1256 1479 1301 ut
1522 1240 1704 1301 Graii
1744 1236 2082 1325 perhibent
2112 1288 2129 1317 ,
2174 1240 2505 1305 Atlantide
2546 1260 2791 1321 cretus,

1066 1356 1432 1421 Advehitur
1473 1362 1791 1435 Teucrost,
1840 1360 2157 1423 Electram
2204 1364 2515 1425 maximus
2560 1363 2735 1426 Atlas

1079 1476 1342 1554 Edidit,
1383 1476 1700 1540 aetherios
1742 1476 2002 1543 humero
2044 1484 2158 1567 qui
2198 1484 2473 1545 sustinet
2514 1482 2728 1546 orbes.

1077 1598 1276 1661 Vobis
1315 1602 1684 1661 Mercurius
1730 1617 1910 1685 pater
1950 1618 2078 1676 est,
2118 1621 2307 1687 quem
2346 1599 2613 1665 candida
2654 1605 2831 1667 Maia

1083 1718 1395 1807 Cyllenae
1435 1718 1652 1808 gelido
1687 1740 2064 1806 conceptum
2104 1723 2344 1783 vertice
2384 1718 2589 1785 fudit.

1083 1840 1170 1899 At
1215 1840 1484 1913 Maiam,
1527 1837 1769 1900 auditis
1810 1842 1861 1900 si
1904 1840 2253 1927 quidquam
2296 1840 2645 1919 credimus,
2687 1842 2904 1921 Atlas,

1089 1956 1265 2019 Idem
1308 1956 1484 2019 Atlas
1524 1977 1821 2049 generat,
1864 1959 2027 2022 caeli
2070 1964 2184 2047 qui
2226 1960 2435 2025 sidera
2476 1961 2682 2026 tollit.

1091 2079 1197 2138 Sic
1240 2100 1440 2167 genus
1479 2076 1799 2141 amborum
1839 2078 2073 2142 scindit
2118 2104 2182 2143 se
2222 2086 2529 2171 sanguine
2569 2080 2649 2146 ab
2686 2106 2845 2145 uno.

1084 2198 1200 2259 His
1243 2192 1442 2261 fretus
1480 2221 1604 2261 non
1645 2197 1889 2289 legatos
1914 2248 1931 2277 ,
1970 2222 2176 2289 neque
2221 2205 2422 2287 prima
2458 2226 2569 2289 per
2605 2221 2803 2266 artem

1097 2318 1516 2380 Tentamenta
1561 2322 1659 2381 tui
1706 2323 1959 2409 pepigi:
2007 2346 2131 2398 me,
2174 2345 2269 2385 me
2306 2325 2471 2409 ipse,
2514 2345 2847 2412 meumque

1101 2435 1325 2499 Obieci
1367 2456 1598 2524 capnt,
1641 2456 1705 2499 et
1750 2440 2019 2525 supplex
2064 2441 2141 2505 ad
2184 2442 2404 2505 limina
2444 2446 2623 2507 veni.

1099 2561 1268 2620 Gens
1307 2557 1559 2637 eadem,
1603 2582 1767 2648 quae
1812 2578 1908 2638 te,
1948 2560 2195 2626 crudeli
2238 2564 2481 2624 Daunia
2523 2560 2692 2626 bello

1091 2684 1500 2770 Insequitur;
1547 2703 1656 2744 nos
1695 2684 1758 2744 si
1804 2681 2081 2768 pellant,
2126 2679 2289 2746 nibil
2332 2679 2505 2745 afore
2546 2681 2849 2756 credunt,

1095 2803 1264 2880 Quin
1293 2823 1536 2865 omnem
1566 2804 1933 2888 Hesperiam
1966 2803 2218 2890 penitus
2244 2824 2355 2864 sua
2378 2800 2669 2892 subiuga
2696 2805 2989 2876 mittant,

1095 2922 1178 2981 Et
1211 2943 1417 3000 mare,
1445 2919 1620 3009 quod
1648 2945 1876 3008 supra,
1906 2937 2191 2997 teneant,
2226 2917 2528 3006 quodque
2558 2917 2765 2982 adluit
2794 2913 2992 2986 infra.

1101 3043 1384 3124 Accipe,
1421 3039 1629 3127 daque
1669 3039 1889 3104 fidem.
1930 3044 2085 3110 Sunt
2128 3038 2311 3103 nobis
2350 3034 2545 3102 fortia
2583 3037 2751 3102 bello

1097 3161 1399 3236 Pectora,
1441 3179 1593 3223 sunt
1637 3163 1865 3238 animi,
1909 3179 1971 3223 et
2014 3161 2201 3224 rebus
2242 3177 2533 3247 spectata
2574 3163 2901 3222 iuventus.

1201 3282 1474 3352 Dixerat
1517 3283 1793 3344 Aeneas.
1838 3281 1960 3345 Ille
2000 3303 2100 3356 οε,
2136 3280 2484 3368 oculosque
2525 3280 2847 3369 loquentis

1093 3403 1227 3466 Iam
1269 3400 1508 3466 dudum
1534 3449 1552 3479 ,
1591 3418 1655 3463 et
1702 3419 1911 3465 totum
1956 3400 2266 3468 lustrabat
2304 3402 2543 3466 lumine
2584 3423 2843 3487 corpus.

1096 3524 1259 3585 Tum
1299 3525 1391 3584 sic
1435 3543 1642 3608 pauca
1678 3519 1911 3586 refert:
1956 3526 2040 3584 Vt
2088 3541 2183 3600 te,
2222 3517 2565 3586 fortissime
2608 3515 2961 3598 Teucriim,

1093 3645 1364 3729 Accipio
1405 3641 1858 3733 adgnoscoque
1896 3635 2134 3706 libens!
2183 3661 2253 3705 ut
2296 3640 2489 3706 verba
2530 3643 2845 3728 parentis,

1093 3765 1178 3825 Et
1222 3785 1442 3828 vocem
1481 3761 1805 3829 Anchisae
1846 3764 2091 3852 magni,
2144 3761 2528 3848 vultumque
2570 3751 2897 3823 recordor!

1090 3885 1252 3946 ‘Nam
1297 3878 1550 3946 memini
1595 3887 1908 3946 Hesionae
1950 3885 2263 3946 visentem
2306 3902 2501 3970 regna
2542 3881 2775 3942 sororis

1093 4000 1672 4070 Laomedontiaden
1718 4005 2075 4080 Priamum,
2116 3999 2435 4066 Salamina
2478 4019 2841 4088 petentem,
