3400 5175
846 636 997 723 162
1478 658 2170 713 1³.vrnorr„11
2499 636 2622 739 75'

938 800 1234 867 Fecerat,
1271 807 1337 853 et
1380 794 1561 854 tenui
1602 766 1760 855 telas
1800 791 2188 860 discreverat
2231 796 2418 853 a'uro.

945 917 1184 975 Harum
1224 931 1407 973 unam
1444 912 1665 974 iuveni
1705 932 2066 997 supremum
2113 929 2382 973 maestus
2425 908 2722 977 honorem

942 1030 1199 1107 Induit,
1239 1050 1617 1119 arsurasque
1652 1050 1858 1093 comas
1897 1028 2167 1094 obnubit
2211 1032 2487 1094 amictu:

942 1149 1286 1237 Multaque
1325 1167 1655 1237 praeterea
1694 1152 2029 1211 Laurentis
2065 1152 2344 1235 praemia
2382 1168 2636 1237 pugnae

952 1276 1267 1359 Aggerat,
1306 1289 1371 1332 et
1410 1268 1603 1359 longo
1644 1267 1938 1355 praedam
1977 1266 2158 1331 iubet
2197 1268 2418 1331 ordine
2451 1266 2634 1331 duci.

938 1387 1141 1451 Addit
1181 1408 1379 1475 equos
1418 1404 1481 1449 et
1526 1386 1649 1449 tela
1680 1434 1698 1463 ,
1745 1384 1982 1474 quibus
2019 1385 2408 1473 spoliaverat
2451 1382 2732 1447 hostem.

945 1506 1256 1567 Vinxerat
1290 1524 1354 1566 et
1398 1523 1535 1591 post
1580 1524 1764 1595 terga
1807 1527 2050 1581 manus,
2093 1526 2254 1592 quos
2281 1507 2568 1567 mitteret
2595 1502 2832 1567 umbris

946 1619 1253 1701 Inferias,
1288 1644 1471 1685 caeso
1505 1646 1824 1710 sparsuros
1859 1630 2167 1715 sanguine
2207 1621 2548 1687 flammam:

938 1740 1334 1827 Indutosque
1374 1738 1555 1804 iubet
1597 1758 1856 1805 truncos
1897 1741 2240 1809 hostilibus
2279 1744 2468 1805 armis

942 1862 1119 1945 Ipsos
1158 1855 1323 1923 ferre
1366 1858 1586 1934 duces,
1628 1862 2018 1950 inimicaque
2055 1866 2303 1925 nomina
2341 1858 2482 1952 figi.

939 1979 1219 2040 Ducitur
1258 1974 1485 2041 infelix
1524 2000 1683 2040 aevo
1723 1974 2057 2045 confectus
2094 1984 2388 2056 Acoetes,

942 2100 1209 2159 Pectora
1250 2118 1415 2160 nunc
1458 2092 1717 2160 foedans
1759 2104 2024 2191 pugnis,
2063 2122 2229 2163 nnnc
2267 2096 2591 2189 unguibus
2625 2118 2767 2161 ora:

836 2207 885 2253 ¹¹²
936 2218 1257 2278 Sternitur
1294 2232 1361 2278 et
1407 2232 1545 2280 toto
1588 2220 1916 2301 proiectus
1953 2239 2222 2306 corpore
2265 2237 2499 2282 terrae.
2779 2204 2830 2253 ³⁵

936 2340 1196 2397 Ducunt
1234 2353 1301 2397 et
1344 2336 1588 2398 Rutulo
1630 2334 1922 2422 perfusos
1961 2340 2274 2427 sanguine
2309 2358 2567 2400 currus.

932 2456 1079 2515 Post
1122 2452 1395 2516 bellator
1434 2474 1668 2541 equus,
1713 2458 1940 2541 positis
1980 2454 2372 2545 insignibus,
2423 2452 2666 2517 Aethon

935 2575 999 2636 It
1042 2572 1433 2663 lacrymans,
1480 2578 1819 2676 guttisque
1861 2572 2184 2640 humectat
2225 2572 2578 2666 grandibus
2615 2597 2754 2638 ora.

938 2695 1198 2756 Hastam
1240 2691 1356 2756 alii
1396 2677 1780 2781 galeamque
1819 2689 2072 2772 ferunt3
2117 2717 2254 2758 nam
2297 2712 2508 2757 cetera
2545 2697 2793 2756 Turnus

937 2813 1161 2876 Victor
1178 2811 1370 2877 habet
1386 2857 1401 2874 .
1422 2815 1583 2875 Tum
1606 2811 2160 2898 maestaphalanx,
2175 2815 2537 2900 Teucrique
2549 2829 2932 2900 sequuntur,

936 2928 1394 3020 Tyrrhenique
1432 2931 1661 3008 duces,
1704 2949 1769 2995 et
1815 2935 2015 2995 versis
2050 2929 2331 2995 Arcades
2374 2933 2596 2993 armis.

930 3051 1269 3137 Postquam
1310 3053 1509 3113 omnis
1550 3049 1742 3142 longe
1781 3052 2080 3114 comitum
2127 3068 2516 3137 processerat
2555 3046 2748 3126 ordo;

940 3165 1245 3232 Substitit
1290 3173 1561 3246 Aeneas,
1602 3173 1979 3259 gemituque
2021 3169 2172 3234 haec
2213 3169 2419 3234 edidit
2461 3169 2631 3231 alto:

936 3287 1066 3349 Nos
1110 3285 1266 3349 alias
1307 3284 1457 3352 hinc
1498 3288 1576 3353 ad
1622 3289 1936 3378 lacrymas
1976 3287 2194 3351 eadem
2235 3277 2488 3352 Horrida
2531 3286 2687 3352 belli

932 3409 1089 3468 Fata
1129 3425 1395 3470 vocant.
1437 3407 1627 3471 Salve
1672 3426 1998 3471 aeternum
2041 3405 2234 3484 mihi,
2272 3412 2540 3470 maxime
2579 3405 2785 3485 Palla,

936 3529 1414 3613 Aeternumque
1453 3526 1634 3590 vale.
1676 3531 1814 3591 Nec
1860 3527 2045 3613 plura
2081 3523 2350 3603 effatus,
2393 3526 2469 3590 ad
2509 3525 2698 3589 altos'

930 3640 1261 3707 Tendebat
1304 3667 1546 3722 muros,
1586 3668 2002 3737 gressumque
2044 3648 2108 3706 in
2151 3663 2364 3708 castra
2405 3641 2674 3708 ferebat.

1032 3763 1297 3850 Iamque
1338 3782 1625 3828 oratores
1667 3763 1928 3828 aderant
1973 3787 2050 3828 ex
2099 3763 2257 3828 urbe
2298 3765 2559 3840 Latina,

917 3877 1137 3943 Velati
1182 3885 1366 3944 ramis
1404 3881 1623 3960 oleae,
1676 3887 2060 3971 veniamque
2101 3900 2426 3974 rogantes:

920 3997 1233 4084 Corpora,
1272 4023 1383 4090 per
1422 4025 1673 4090 campos
1716 4000 1880 4068 ferro
1915 4025 2077 4092 quae
2121 3999 2261 4066 fusa
2303 3997 2635 4075 iacebant,
