3400 5175
993 666 1042 741 ὃ
1557 693 1628 746 ι».
1718 672 2369 747 vrncrnrr·
2518 671 2659 747 131

1085 822 1199 885 Dis
1235 823 1440 912 geniti
1483 842 1782 909 potuere.
1824 829 2070 891 Tenent
2110 824 2318 887 media
2354 826 2565 888 omnia
2609 826 2848 905 silvae,

1088 946 1502 1031 Cocytusque
1545 946 1686 1006 sinu
1726 943 1939 1008 labens
1980 948 2395 1009 circumvenit
2435 964 2611 1011 atro·

1089 1060 1272 1141 Quod
1312 1066 1365 1125 si
1411 1082 1624 1127 tantus
1661 1086 1831 1127 amor
1874 1068 2107 1141 menti,
2142 1067 2197 1126 si
2238 1080 2421 1127 tanta
2460 1063 2693 1150 cupido
2732 1080 2858 1143 est,

1085 1183 1193 1243 Bis
1233 1185 1495 1273 Stygios
1537 1186 1757 1246 innare
1798 1184 2007 1261 lacus,
2047 1183 2368 1274 bis'nigra
2408 1181 2629 1247 videre

1085 1304 1392 1379 Tartara3
1438 1318 1502 1364 et
1544 1306 1766 1365 insano
1809 1306 1989 1365 iuvat
2032 1301 2363 1391 indulgere
2404 1300 2653 1377 labori;

1083 1423 1359 1505 Accipe,
1401 1442 1566 1506 quae
1605 1420 1969 1511 peragenda
2009 1424 2214 1508 prius.
2255 1426 2439 1483 Latet
2478 1421 2701 1486 arbore
2739 1438 2936 1507 opaca

1085 1544 1330 1601 Aureus
1369 1556 1433 1601 et
1476 1536 1649 1602 foliis
1690 1560 1754 1601 et
1798 1541 1973 1603 lento
2014 1543 2251 1603 vimine
2293 1562 2531 1617 ramus,

1081 1660 1309 1720 Iunoni
1353 1653 1640 1727 infernae
1680 1656 1893 1721 dictus
1930 1678 2137 1721 sacer:
2183 1656 2557 1748 hunc¹tegit
2598 1662 2799 1722 omnis

1083 1779 1330 1853 Lucus,
1370 1794 1434 1837 et
1473 1773 1762 1839 obscuris
1802 1774 2111 1840 claudunt
2152 1778 2548 1841 convallibus
2586 1777 2867 1842 umbrae.

1089 1891 1210 1956 Sed
1248 1915 1368 1956 non
1409 1912 1558 1956 ante
1597 1893 1789 1956 datur
1830 1893 2085 1957 telluris
2120 1912 2346 1981 operta
2383 1893 2629 1971 subire,

1089 2014 1464 2075 Auricomos
1501 2035 1692 2100 quam
1734 2015 1881 2101 quis
1921 2012 2313 2099 decerpserit
2356 2012 2578 2077 arbore
2618 2010 2823 2076 fetus.

1085 2136 1221 2195 Hoc
1264 2131 1386 2195 sibi
1429 2130 1700 2218 pulchra
1741 2154 1919 2195 suum
1962 2129 2118 2197 ferri
2158 2135 2527 2220 Proserpina
2566 2156 2785 2196 munus

1079 2252 1414 2314 Instituit.
1457 2255 1670 2316 Primo
1712 2253 1939 2316 avulso
1982 2274 2104 2316 non
2144 2250 2359 2316 deficit
2400 2254 2563 2317 alter

1083 2372 1369 2448 Aureus;
1413 2390 1476 2434 et
1519 2373 1716 2434 simili
1758 2369 2107 2435 frondescit
2148 2374 2333 2461 virga
2372 2369 2657 2433 metallo.

1079 2490 1247 2577 Ergo
1289 2488 1418 2553 alte
1461 2494 1711 2581 vestiga
1750 2490 1991 2566 oculis,
2035 2508 2099 2553 et
2140 2490 2263 2553 rite
2302 2506 2623 2575 repertum

1079 2609 1286 2694 Carpe
1313 2633 1520 2673 manu.
1545 2613 1838 2700 Namque
1870 2614 2001 2697 ipse
2022 2611 2237 2675 volens
2258 2607 2599 2697 facilisque
2632 2623 2965 2695 sequetur,

1077 2727 1145 2788 Si
1191 2745 1254 2790 te
1295 2723 1430 2792 fata
1471 2749 1738 2795 vocant:
1778 2731 2005 2807 aliter,
2050 2753 2171 2792 non
2214 2728 2460 2793 viribus
2498 2727 2655 2790 ullis

1075 2849 1378 2927 Vincere,
1411 2870 1530 2914 nec
1569 2849 1730 2913 duro
1772 2852 2015 2936 poteris
2055 2846 2415 2910 convellere
2454 2841 2656 2908 ferro.

1077 2967 1410 3028 Praeterea
1449 2970 1614 3028 iacet
1653 2969 2017 3030 exanimum
2060 2964 2182 3028 tibi
2222 2986 2452 3049 corpus
2497 2966 2721 3038 amici,

1028 3077 1250 3170 (Heu!
1295 3081 1542 3165 nescis)
1587 3103 1921 3170 totamque
1963 3085 2237 3145 incestat
2280 3079 2499 3146 funere
2538 3083 2831 3160 classem3

1077 3203 1242 3261 Dum
1283 3199 1577 3264 consulta
1621 3204 1821 3287 petis,
1864 3219 2209 3290 nostroque
2256 3205 2317 3265 in
2362 3201 2579 3265 limine
2624 3201 2892 3288 pendes.

1071 3317 1342 3382 Sedibus
1384 3317 1556 3384 hunc
1600 3319 1767 3384 refer
1808 3338 1955 3384 ante
1996 3323 2157 3398 suis,
2200 3339 2262 3383 et
2303 3319 2503 3384 conde
2544 3319 2863 3406 sepulcro·

1079 3439 1221 3499 Duc
1261 3439 1470 3527 nigras
1515 3438 1819 3524 pecudes:
1862 3461 1934 3503 ea
1977 3443 2177 3526 prima
2218 3437 2475 3524 piacula
2515 3456 2735 3502 sunto·

991 3569 999 3578 ·
1073 3559 1178 3618 Sic
1222 3554 1473 3620 demum
1519 3557 1697 3620 lucos
1742 3560 2039 3648 Stygios,
2078 3579 2274 3646 regna
2316 3559 2489 3619 invia
2529 3559 2730 3632 vivis,

1076 3673 1438 3761 Adspicies.
1478 3678 1700 3753 Dixit,
1744 3699 2085 3764 pressoque
2126 3676 2441 3740 obmutuit
2484 3698 2623 3739 ore.

1172 3797 1416 3858 Aeneas
1459 3815 1692 3858 maesto
1736 3793 1979 3858 defixus
2020 3795 2261 3858 lumina
2301 3796 2491 3858 vultu

1073 3913 1483 4002 Ingreditur,
1525 3916 1827 4001 linquens
1870 3935 2157 3992 antrum;
2204 3906 2555 4002 caecosque¹
2592 3913 2843 3978 volutat

1065 4035 1347 4098 Eventus
1386 4039 1593 4098 animo
1633 4057 1883 4099 secum:
1922 4038 2029 4099 cui
2074 4031 2231 4098 fidus
2274 4031 2551 4098 Achates
