3400 5175
1030 572 1195 657 224
1660 572 2334 629 1³.v1nc11.11
2609 549 2775 623 860

1124 709 1319 771 Alitis
1356 711 1420 770 in
1463 728 1693 793 parvae
1733 696 2006 769 subitain
2046 703 2318 766 collecta
2359 700 2622 793 figuram
2647 748 2668 779 ,

1124 830 1302 905 Quae
1336 825 1653 913 quondam
1696 828 1764 886 in
1799 824 2036 897 bueria,
2075 838 2185 882 aut
2227 819 2616 884 culminibus
2659 820 2963 897 desertis,

1126 948 1335 1007 Nocte
1374 943 1629 1017 sedena,
1666 964 1876 1005 serum
1915 942 2090 1004 canit
2133 942 2492 1027 importuna
2534 960 2646 1025 per
2685 938 2968 1015 umbras;

1124 1064 1304 1134 Hanc
1342 1082 1523 1123 versa
1565 1064 1631 1123 in
1668 1058 1935 1137 faciem,
1975 1062 2175 1121 Turni
2211 1080 2277 1119 ae
2319 1060 2508 1142 pestis
2549 1058 2632 1121 ob
2669 1080 2782 1120 ora

1126 1184 1405 1267 Fertque
1432 1176 1752 1265 refertque
1783 1200 2040 1255 sonans,
2067 1178 2472 1263 clipeumque
2501 1175 2833 1240 everberat
2861 1176 3001 1239 alis.

1127 1298 1241 1360 Illi
1284 1297 1550 1361 membra
1592 1319 1790 1360 novus
1829 1297 2020 1359 solvit
2065 1294 2400 1360 formidine
2441 1314 2694 1381 torp0r;

1126 1415 1565 1503 Adrectaeque
1592 1416 1850 1479 horrore
1875 1436 2119 1490 comae,
2147 1433 2212 1476 et
2237 1435 2360 1476 vox
2397 1408 2687 1476 faucibus
2715 1409 2926 1475 haesit
2947 1456 2962 1472 .

1121 1538 1243 1609 At,
1288 1535 1510 1619 procul
1550 1554 1622 1597 ut
1666 1538 1853 1597 Dirae
1894 1532 2230 1597 stridorem
2271 1530 2582 1619 adgnovit
2625 1548 2692 1592 et
2732 1530 2904 1607 alae,

1126 1644 1367 1713 Infelix
1404 1651 1611 1713 crines
1648 1650 1887 1715 scindit
1927 1656 2192 1715 Iuturna
2227 1654 2502 1729 solutos,

1029 1860 1035 1866 .
1126 1768 1463 1857 'Vnguibua
1504 1790 1613 1831 ora
1644 1792 1818 1833 soror
1856 1765 2110 1835 foedans
2149 1789 2214 1833 et
2256 1790 2514 1856 pectora
2551 1772 2819 1859 pugnis:

1126 1886 1296 1967 Quid
1338 1909 1503 1949 nunc
1543 1906 1605 1950 te
1649 1908 1786 1965 tua,
1831 1893 2074 1966 Turne,
2115 1907 2321 1975 potest
2361 1910 2661 1978 germana
2699 1881 2962 1950 iuvare?

1122 2009 1255 2068 Aut
1296 2006 1453 2093 quid
1494 2010 1612 2069 iam
1654 2006 1850 2069 durae
1897 2026 2154 2093 superat
2198 2000 2400 2070 mihi?
2440 2030 2568 2093 qua
2609 2005 2729 2070 tibi
2771 2008 2976 2069 lucem

1127 2128 1283 2185 Arte
1320 2117 1566 2186 morer?
1604 2120 1784 2187 talin’
1827 2147 2068 2211 possum
2115 2148 2208 2189 me
2243 2148 2563 2212 opponere
2604 2118 2924 2188 monstro?

1129 2243 1261 2304 Iam
1297 2243 1421 2303 iam
1461 2242 1683 2329 linquo
1727 2246 1929 2306 acies.
1968 2248 2061 2307 Ne
2103 2268 2199 2307 me
2242 2263 2473 2309 terrete
2513 2248 2866 2321 timentem,

1124 2360 1445 2424 Obscenae
1487 2363 1811 2441 volucres;
1851 2364 2090 2426 alarum
2131 2363 2392 2427 verbera
2433 2384 2659 2438 nosco,

1126 2480 1535 2567 Letalemque
1573 2504 1823 2545 sonum:
1865 2506 1979 2546 nec
2020 2481 2256 2547 fallunt
2291 2486 2458 2545 iussa
2497 2480 2768 2569 superba

1127 2602 1514 2688 Magnanimi
1556 2605 1762 2664 Iovis.
1801 2607 1975 2666 Haec
2017 2625 2130 2690 pro
2170 2606 2553 2692 virginitate
2593 2595 2878 2687 reponit!

1123 2721 1263 2798 Quo
1305 2721 1497 2781 vitam
1540 2719 1717 2784 dedit
1763 2715 2122 2785 aeternam?
2163 2744 2274 2785 cur
2319 2724 2533 2784 mortis
2573 2719 2826 2785 ademta
2863 2739 2960 2782 est

1124 2831 1473 2900 conditio?
1516 2843 1761 2903 Possem
1807 2859 2012 2904 tantos
2053 2839 2233 2904 finire
2272 2838 2520 2903 dolores
2825 2916 2834 2924 .

1124 2957 1309 3016 Nunc
1350 2975 1561 3032 certe,
1596 2979 1659 3020 et
1702 2962 1922 3022 misero
1965 2957 2153 3022 fratri
2196 2981 2400 3021 comes
2437 2960 2529 3018 ire
2565 2953 2684 3018 sub
2711 2953 2992 3017 umbras.

1126 3072 1504 3136 Immortalis
1540 3070 1708 3164 ego?
1749 3097 1857 3140 aut
1899 3079 2246 3166 quidquam
2283 3073 2440 3139 mihi
2491 3074 2680 3138 dulce
2722 3094 2994 3135 meorum

1126 3187 1217 3246 Te
1252 3187 1420 3262 sine,
1457 3183 1682 3266 frater,
1721 3186 1898 3254 erit?
1953 3197 2004 3255 O
2044 3218 2208 3282 quae
2248 3197 2402 3258 satis
2442 3195 2572 3256 alta
2611 3191 2904 3256 dehiscat

1126 3303 1323 3364 Terra
1364 3303 1555 3381 mihi,
1598 3311 1950 3397 Manesque
1989 3312 2167 3376 deam
2211 3313 2501 3376 demittat
2541 3309 2618 3375 ad
2663 3303 2864 3373 imos?

1126 3421 1395 3482 Tantum
1438 3419 1661 3503 effata,
1701 3449 1894 3514 caput
1937 3431 2168 3519 glauco
2207 3432 2499 3494 contexit
2542 3431 2781 3491 amictu

1125 3537 1335 3600 Multa
1376 3562 1659 3628 gemens,
1698 3563 1762 3608 et
1803 3569 1869 3608 se
1911 3545 2107 3611 fluvio
2143 3547 2261 3611 dea
2297 3547 2585 3612 condidit
2625 3547 2789 3609 alto.

1223 3661 1463 3721 Aeneas
1505 3663 1700 3723 instat
1740 3683 1996 3742 contra,
2039 3666 2364 3752 telumque
2405 3683 2694 3730 coruscat

1034 3863 1041 3870 ⁸
1120 3775 1355 3865 Ingens
1396 3776 1726 3842 arboreum
1750 3827 1768 3858 ‚
1811 3799 1874 3843 et
1911 3805 2104 3847 saevo
2140 3788 2232 3847 sic
2277 3801 2534 3870 pectore
2571 3779 2777 3846 faturz

1122 3895 1295 3970 Quae
1309 3918 1473 3960 nunc
1490 3897 1718 3962 deinde
1737 3921 1904 3963 mora
1919 3895 2046 3966 eat?
2059 3923 2170 3966 aut
2187 3901 2346 3991 quid
2365 3907 2513 3978 iam,
2532 3905 2768 3976 Turne,
2783 3886 3124 3962 retractas?
