3400 5175
919 416 1016 493 18
1539 440 1612 492 P.
1696 438 2242 493 vrnornrr
2511 444 2671 524 411

1015 568 1371 648 Deturbat,
1413 571 1717 658 laxatque
1757 568 1959 635 foros2
1997 575 2185 637 simul
2229 577 2467 662 accipit
2508 577 2690 641 alveo

1005 693 1351 779 ,Ingentem
1401 698 1686 754 Aenean.
1733 696 1991 755 Gemuit
2034 694 2153 759 sub
2195 696 2473 781 pondere
2516 696 2746 784 cymba

1019 810 1287 886 Sutilis,
1330 830 1392 873 et
1441 811 1702 874 multam
1747 816 1997 897 accepit
2044 818 2269 876 rimosa
2314 815 2643 899 paludem.

1009 934 1290 997 Tandem
1323 952 1496 995 trans
1527 932 1789 995 fluvium
1830 934 2170 996 incolumis
2200 954 2537 1021 vatemque
2573 938 2907 1022 virumque

1017 1050 1282 1115 Informi
1330 1054 1481 1115 limo
1518 1053 1884 1141 glaucaque
1923 1058 2185 1140 exponit
2231 1059 2295 1116 in
2338 1055 2520 1116 ulva.

1113 1172 1427 1235 Cerberus
1471 1170 1627 1235 haec
1667 1175 1889 1260 ingens
1931 1171 2169 1235 latratu
2215 1196 2406 1263 regna
2450 1170 2714 1237 trifauci

1017 1296 1354 1367 Personat,
1397 1290 1662 1355 adverso
1710 1292 2016 1355 recubans
2054 1296 2339 1355 immanis
2384 1296 2445 1355 in
2488 1314 2703 1356 antro·

1007 1416 1126 1475 Cui
1171 1432 1379 1488 ηερε,
1422 1408 1679 1475 horrere
1720 1412 1937 1475 videns
1981 1415 2105 1474 iarn
2148 1413 2315 1476 colla
2355 1413 2671 1490 colubriS,

1015 1532 1216 1595 Melle
1255 1550 1610 1618 soporatam
1654 1550 1715 1594 et
1762 1532 2095 1595 medicatis
2137 1530 2433 1623 frugibus
2472 1532 2665 1597 offam

1012 1653 1292 1715 Obiicit.
1333 1652 1454 1715 Ille
1499 1648 1659 1716 fame
1699 1650 1927 1713 rabida
1975 1656 2098 1713 tria
2143 1672 2411 1741 guttura
2456 1653 2735 1738 pandens

1015 1772 1300 1857 Corripit
1345 1769 1700 1846 obiectam,
1746 1788 1943 1859 atque
1988 1774 2283 1833 immania
2328 1792 2508 1861 terga
2547 1774 2809 1836 resolvit

1004 1894 1208 1955 Fusus
1250 1890 1470 1968 humi,
1517 1908 1787 1977 totoque
1827 1893 2050 1979 ingens
2094 1890 2465 1954 extenditur
2506 1911 2721 1955 antro.

1005 2015 1297 2097 Occupat
1343 2016 1589 2075 Aeneas
1633 2010 1879 2115 aditum
1924 2010 2189 2073 custode
2232 2012 2519 2097 sepulte,

1011 2133 1380 2221 Evaditque
1425 2132 1594 2195 celer
1638 2134 1843 2217 ripam
1890 2130 2311 2193 irremeabilis
2354 2131 2593 2192 undae.

1114 2254 1436 2313 Continuo
1473 2250 1733 2313 auditae
1782 2274 1999 2327 voceS,
2046 2254 2303 2339 vagitus
2341 2268 2403 2313 et
2450 2254 2705 2340 ingens,

1009 2366 1465 2457 Insantumque
1511 2373 1757 2435 animae
1802 2368 2019 2432 flentes
2059 2374 2120 2431 in
2170 2369 2388 2433 limine
2432 2372 2670 2455 primo;

1008 2494 1176 2569 Quos
1218 2488 1424 2553 dulcis
1465 2493 1638 2553 vitae
1679 2509 1995 2566 exsortes,
2038 2510 2101 2552 et
2148 2490 2229 2553 ab
2267 2489 2459 2553 ubere
2502 2508 2750 2576 raptos,

1013 2609 1302 2674 Abstulit
1345 2629 1482 2672 atra
1529 2609 1698 2684 dies,
1738 2629 1799 2671 et
1846 2607 2069 2673 sunere
2110 2614 2321 2672 mersit
2364 2609 2628 2674 acerbo-

1006 2735 1137 2793 Hos
1173 2735 1357 2794 iuxta
1401 2727 1561 2794 falso
1597 2730 1883 2795 damnati
1926 2732 2485 2793 criminemortis.

999 2856 1134 2916 Nec
1179 2874 1326 2915 vero
1371 2849 1492 2914 hae
1533 2853 1675 2913 sine
1719 2867 1887 2912 sorte
1924 2848 2145 2924 datae,
2188 2851 2325 2910 sine
2368 2847 2617 2922 iudice,
2659 2846 2871 2910 sedes.

996 2975 1332 3049 Quaesitor
1377 2975 1587 3034 Minos
1629 2991 1847 3032 urnam
1892 2986 2129 3029 movet:
2172 2967 2285 3029 ille
2326 2967 2629 3030 silentum

999 3092 1491 3177 conciliumque
1527 3107 1752 3163 vocat,
1796 3089 2088 3171 vitasque
2127 3105 2189 3146 et
2232 3087 2499 3148 crimina
2540 3085 2762 3148 discit.

1005 3211 1300 3271 Proxima
1344 3205 1573 3271 deinde
1614 3223 1831 3268 tenent
1879 3207 2097 3267 maesti
2145 3205 2319 3281 loca,
2358 3207 2472 3292 qui
2516 3204 2641 3269 sibi
2683 3205 2881 3268 letum

1001 3331 1291 3390 Insontes
1335 3347 1641 3413 peperere
1687 3349 1910 3402 manu,
1954 3325 2288 3415 lucemque
2332 3328 2538 3412 perosi

1003 3449 1335 3512 Proiecere
1377 3450 1646 3510 animas.
1691 3451 1886 3526 Quam
1932 3445 2173 3508 vellent
2216 3443 2473 3508 aethere
2519 3447 2583 3506 in
2625 3443 2756 3506 alto

990 3570 1176 3630 Nunc
1219 3583 1284 3628 et
1335 3568 1707 3653 pauperiem
1750 3583 1813 3628 et
1853 3563 2049 3628 duros
2094 3562 2375 3651 perferre
2417 3559 2695 3628 labores!

991 3692 1105 3749 Fas
1141 3685 1391 3762 obstat,
1437 3689 1747 3774 tristique
1795 3686 1983 3772 palus
2028 3683 2387 3748 inamabilis
2434 3681 2606 3746 unda

971 3805 1268 3896 Adligat,
1317 3823 1380 3869 et
1431 3809 1656 3871 novies
1699 3811 1871 3894 Styx
1916 3803 2227 3870 interfusa
2273 3822 2556 3868 coercet.

2422 3966 2427 3990 l
