3400 5175
2687 359 2798 407 η’*

955 571 1103 651 132
1272 626 1287 639 .
1582 586 1655 638 P.
1717 584 2242 641 vructntt
2505 566 2656 666 187

1041 725 1239 785 Cuius
1277 718 1565 783 olorinae
1610 738 1882 808 surgunt
1919 720 1996 785 de
2039 727 2280 784 vertice
2325 742 2606 807 pennae.

994 844 1292 931 (Crimen
1306 886 1324 917 ,
1348 843 1561 916 Amor,
1580 835 1901 921 vestrum)
1917 836 2276 926 formaeque
2297 842 2580 929 insignae
2599 855 2939 927 paternae.

1050 964 1339 1047 Namque
1380 956 1629 1037 ferunt,
1668 959 1850 1025 luctu
1889 962 2172 1047 Cycnum
2216 956 2626 1021 Phaethontis
2669 962 2899 1036 amati,

1048 1078 1363 1166 Populeas
1404 1080 1571 1143 inter
1615 1075 1868 1143 frondes
1909 1072 2317 1165 umbramque
2355 1101 2636 1141 sororum

1052 1202 1215 1261 Dum
1252 1200 1464 1275 canit,
1506 1216 1575 1260 et
1610 1217 1908 1261 maestum
1955 1220 2126 1260 musa
2165 1199 2408 1261 solatur
2447 1221 2712 1261 amorem
2736 1245 2753 1275 ,

1048 1322 1393 1382 Canentem
1438 1319 1613 1383 molli
1654 1319 1870 1403 pluma
1903 1315 2160 1380 duxisse
2197 1336 2548 1395 senectam;

1052 1440 1471 1524 Linquentem
1510 1458 1716 1501 terras
1757 1454 1820 1499 et
1861 1437 2066 1500 sidera
2107 1460 2262 1503 voce
2297 1456 2704 1523 sequentem.

1053 1556 1289 1635 Filius,
1331 1558 1625 1645 aequales
1664 1562 2007 1621 comitatus
2047 1556 2241 1619 classe
2277 1574 2598 1632 catervas,

1057 1680 1385 1765 lugentem
1426 1680 1611 1739 remis
1658 1680 2044 1739 Centaurum
2082 1691 2438 1761 promovet:
2479 1671 2590 1737 ille

1050 1799 1251 1857 Instat
1294 1818 1537 1882 aquae,
1578 1816 1931 1881 saxumque
1968 1794 2154 1857 undis
2191 1797 2460 1857 immane
2497 1796 2771 1857 minatur

1051 1913 1339 1989 Arduus,
1376 1930 1439 1975 et
1482 1911 1669 2003 longa
1705 1913 1913 1976 sulcat
1959 1916 2148 1977 maria
2189 1912 2324 1976 alta
2363 1916 2609 1979 carina.

1150 2030 1270 2094 Ille
1307 2035 1501 2093 etiam
1544 2034 1772 2116 patriis
1813 2054 2034 2121 agmen
2071 2036 2200 2097 ciet
2241 2038 2449 2098 Ocnus
2487 2032 2570 2099 ab
2603 2038 2762 2113 oris,

1051 2150 1380 2214 Fatidicae
1424 2155 1679 2213 Mantus
1722 2169 1786 2213 et
1829 2155 2019 2213 Tusci
2064 2149 2230 2216 filius
2267 2157 2500 2230 amnis,

1046 2272 1168 2349 Qui
1208 2293 1411 2333 muros
1456 2274 1800 2359 matrisque
1841 2270 2022 2335 dedit
2060 2272 2218 2351 tihi,
2266 2276 2565 2349 Mantua,
2609 2292 2862 2347 nomen:

1050 2394 1321 2455 Mantua
1358 2390 1536 2455 dives
1578 2397 1751 2455 avis:
1791 2392 1900 2456 sed
1941 2416 2062 2457 non
2105 2416 2300 2484 genus
2341 2392 2628 2457 omnibus
2667 2416 2890 2456 unum.

1052 2514 1217 2575 Gens
1257 2511 1357 2574 illi
1402 2511 1672 2600 triplex,
1719 2512 1938 2600 populi
1979 2514 2096 2579 sub
2134 2530 2324 2606 gente
2365 2514 2696 2603 quaterni:

1048 2633 1194 2716 Ipsa
1232 2651 1429 2718 caput
1466 2633 1748 2720 populis:
1791 2637 1996 2698 Tusco
2035 2630 2112 2700 de
2151 2639 2458 2725 sanguine
2497 2638 2692 2698 vires.

1044 2753 1209 2814 Hinc
1249 2775 1503 2840 quoque
1546 2757 1933 2842 quingentos
1973 2758 2040 2818 in
2079 2776 2146 2817 se
2187 2757 2542 2818 Mezentius
2583 2771 2821 2831 armat,

1044 2874 1211 2950 Quos
1254 2891 1431 2958 patre
1468 2876 1716 2936 Benaco
1759 2872 2008 2936 velatus
2051 2871 2360 2937 arundine
2401 2873 2628 2962 glauca

1046 2992 1327 3055 Mincius
1369 2987 1602 3054 infesta
1642 2991 1922 3056 ducebat
1965 2997 2028 3056 in
2071 3016 2346 3081 aequora
2383 2997 2566 3078 pinu.

1146 3111 1209 3170 It
1247 3111 1461 3198 gravis
1506 3111 1830 3186 Aulestes,
1871 3133 2262 3202 centenaque
2303 3111 2527 3177 arbore
2569 3109 2827 3174 fluctum

1043 3223 1347 3290 Verberat
1394 3227 1772 3318 adsurgens:
1817 3253 2109 3318 spumant
2151 3231 2313 3297 vada
2359 3253 2661 3296 marmore
2703 3249 2914 3293 verso.

1042 3349 1226 3409 Hunc
1270 3344 1449 3410 vehit
1490 3350 1777 3412 immanis
1814 3353 2042 3415 Triton
2083 3371 2146 3416 et
2187 3353 2441 3418 caerula
2477 3351 2718 3417 concha

1040 3467 1381 3529 Exterrens
1424 3463 1624 3547 freta3
1662 3474 1766 3532 cui
1811 3469 2078 3535 laterum
2122 3489 2303 3534 tenus
2343 3468 2604 3554 hispida
2631 3473 2813 3532 nanti

1040 3587 1235 3648 Frons
1276 3583 1587 3652 hominem
1632 3587 1950 3674 praefert,
1993 3595 2058 3654 in
2102 3593 2332 3677 pristin
2371 3589 2603 3652 desinit
2647 3591 2866 3668 alvus;

1036 3708 1309 3790 Spumea
1344 3704 1635 3772 semifero
1672 3708 1794 3773 sub
1836 3731 2092 3796 pectore
2137 3727 2486 3772 murmurat
2527 3709 2726 3772 unda.

1044 3824 1177 3916 Tot·
1206 3823 1361 3888 lecti
1404 3847 1695 3911 proceres
1741 3847 1836 3891 ter
1876 3829 2054 3892 denis
2101 3826 2369 3892 navibus
2409 3827 2585 3892 ibant

1038 3939 1335 4008 Subsidio
1376 3949 1636 4028 Troiae,
1676 3967 1740 4011 et
1783 3970 2038 4038 campos
2081 3950 2234 4014 salis
2277 3971 2420 4012 aere
2459 3946 2794 4012 secabant.
