3400 5175
887 638 1348 695 AENEmos
1396 637 1568 691 mn.
1627 636 1790 694 vn.
1955 612 2101 716 ¹59
2220 614 2329 719 43

439 783 806 841 Castrorum
849 778 916 837 in
959 795 1228 849 morem,
1269 774 1482 858 pinnis
1519 788 1720 859 atque
1761 792 1993 861 aggere
2030 774 2267 863 cingit.

443 904 706 985 Iamque
747 900 874 959 iter
915 896 1190 969 emensi,
1237 914 1439 955 turres
1479 914 1549 955 ac
1595 910 1763 955 tecta
1806 895 2173 955 Latinorum

447 1018 664 1081 Ardua
702 1014 1047 1081 cernebant
1091 1017 1388 1089 iuvenes,
1429 1035 1735 1101 muroque
1769 1012 2102 1077 subibant.

447 1144 610 1200 Ante
655 1134 876 1199 urbem
921 1137 1138 1220 pueri,
1177 1152 1240 1196 et
1283 1135 1608 1219 primaevo
1649 1131 1804 1195 flore
1846 1136 2177 1210 iuventus,

450 1260 848 1319 Exercentur
888 1255 1103 1340 equis,
1145 1252 1588 1339 domitantque
1629 1256 1697 1315 in
1736 1252 2001 1339 pulvere
2037 1274 2298 1330 currus;

451 1382 577 1439 Aut
616 1396 792 1439 acres
831 1373 1100 1436 tendunt
1142 1396 1358 1449 arena,
1400 1396 1512 1435 aut
1553 1374 1727 1436 lenta
1772 1374 2029 1436 lacertis

453 1496 710 1583 Spicula
753 1512 1220 1580 contorquent,
1263 1514 1585 1579 cursuque
1629 1496 1903 1578 ictuque
1939 1492 2283 1556 lacessunt.

451 1620 652 1695 Quum
694 1630 1076 1701 praevectus
1121 1634 1288 1700 equo
1331 1613 1626 1701 longaevi
1673 1614 1841 1702 regis
1880 1612 1962 1677 ad
2004 1634 2183 1675 aurea

462 1738 738 1799 Nuntius
775 1738 1071 1823 ingentes
1109 1736 1330 1822 ignota
1369 1736 1434 1796 in
1477 1752 1654 1797 veste
1694 1750 1981 1819 reportat

463 1854 806 1917 Advenisse
843 1856 1044 1917 viros.
1089 1853 1206 1915 Ille
1250 1858 1418 1916 intra
1461 1870 1632 1919 tecta
1673 1856 1891 1917 vocari

465 1978 771 2060 Imperat,
812 1991 877 2036 et
913 1972 1077 2035 solio
1124 1972 1363 2035 medius
1403 1971 1690 2036 consedit
1734 1976 1943 2036 avito·

467 2097 726 2157 Tectum
757 2109 1130 2181 augustum,
1163 2096 1413 2182 iugem,
1441 2112 1693 2155 centum
1724 2090 2351 2173 sublimecolumnis,

467 2212 626 2277 Vrbe
667 2208 794 2275 fuit
833 2233 1104 2287 summa,
1149 2214 1486 2275 Laurentis
1527 2216 1702 2302 regia
1744 2215 1913 2290 Pici,

473 2330 868 2396 Horrendum
907 2331 1090 2393 silvis
1129 2348 1192 2393 et
1237 2330 1576 2421 relligione
1619 2352 1979 2418 parentum.

474 2454 591 2513 Hic
632 2468 888 2536 sceptra
931 2452 1260 2537 accipere,
1301 2471 1362 2513 et
1407 2454 1640 2536 primos
1675 2453 1975 2517 attollere
2014 2450 2213 2517 fasces

475 2570 758 2662 Regibus
801 2595 980 2634 omen
1025 2591 1200 2649 erat3
1247 2568 1364 2634 hoc
1413 2570 1544 2635 illia
1585 2577 1767 2635 curia
1811 2572 2155 2660 templum,

474 2696 600 2755 Hae
641 2697 840 2757 sacris
883 2691 1062 2760 sedes
1099 2692 1340 2778 epulin
1384 2689 1490 2753 hic
1533 2694 1735 2753 ariete
1770 2711 1957 2753 caeso

477 2813 806 2896 Perpetuis
845 2811 1023 2874 soliti
1065 2830 1276 2898 patrea
1313 2809 1642 2874 considere
1685 2812 1937 2871 mensis.

479 2934 638 3012 Quin
682 2934 874 2996 etiam
919 2950 1204 2996 veterum
1245 2927 1490 3021 effigies
1533 2952 1612 2993 ex
1654 2928 1879 2992 ordine
1922 2951 2180 2994 avorum

483 3053 761 3138 Antiqua
799 3073 834 3114 e
874 3050 1097 3129 cedre,
1141 3050 1510 3138 Italusque,
1553 3067 1865 3136 paterque
1907 3047 2179 3114 Sabinus

484 3173 826 3249 Vitisator,
873 3193 1130 3234 curvam
1175 3193 1434 3236 servans
1475 3168 1596 3234 sub
1636 3172 1919 3261 imagine
1956 3167 2225 3249 falcem,

486 3293 920 3377 Saturnusque
960 3313 1183 3368 senex,
1229 3293 1507 3378 Ianique
1545 3287 1851 3355 bifrontis
1888 3295 2131 3381 imago,

490 3409 822 3474 vestibulo
867 3409 1246 3488 adstabant3
1288 3411 1532 3498 aliique
1577 3409 1658 3474 ab
1693 3413 1945 3501 origine
1986 3433 2204 3500 regeS,

489 3531 720 3592 Martia
757 3531 874 3618 qui
915 3527 997 3592 ob
1041 3533 1312 3616 patriam
1355 3531 1698 3621 pugnaudo
1740 3532 2009 3596 vulnera
2050 3534 2255 3617 paeni.

493 3649 825 3736 ,Multaque
869 3669 1196 3734 praeterea
1234 3654 1430 3715 sacris
1465 3655 1529 3714 in
1579 3651 1869 3739 pontibus
1912 3673 2119 3726 arma,

495 3769 746 3854 Captivi
789 3767 1070 3856 pendent
1109 3793 1369 3848 curma,
1413 3794 1783 3858 curvaeque
1824 3791 2112 3844 secures,

493 3889 564 3950 Et
607 3892 846 3953 cristae
886 3893 1214 3976 capitum,
1257 3912 1322 3954 et
1363 3909 1688 3977 portarum
1730 3888 2023 3978 ingentia
2058 3882 2380 3963 claustra,

495 4007 922 4096 Spiculaque,
964 4009 1324 4099 clipeique,
1361 4028 1717 4098 ereptaque
1760 4029 1963 4072 rostra
2003 4009 2276 4070 carinis.
