3400 5175
914 612 1373 671 nummos
1435 615 1609 671 mn.
1672 618 1840 674 ΧΠ.
1935 598 2094 673 608
2217 600 2376 678 215

500 749 669 813 Hinc
708 762 907 811 totam
950 744 1175 811 infelix
1218 748 1525 839 vulgatur
1562 745 1727 813 fama
1761 772 1872 837 per
1911 751 2174 819 urbem:

496 869 863 931 Demittunt
906 886 1181 943 mentes;
1222 868 1271 929 it
1314 870 1505 931 scissa
1545 887 1722 933 veste
1761 874 2057 951 Latinus,

500 986 809 1075 Coniugis
844 987 1157 1050 attonitus
1196 979 1345 1048 fatis
1384 985 1689 1075 urbisque
1729 991 1952 1069 ruina,

496 1106 815 1168 Canitiem
854 1102 1177 1168 immundo
1214 1098 1529 1191 perfusam
1568 1104 1834 1191 pulvere
1877 1126 2172 1194 turpans.

590 1226 847 1287 Interea
883 1239 1167 1287 extremo
1208 1219 1482 1286 bellator
1525 1227 1591 1285 in
1630 1216 1910 1311 aequore
1950 1229 2200 1290 Turnus

498 1340 797 1404 Palantes
833 1344 1122 1429 sequitur
1160 1362 1425 1429 paucos,
1468 1344 1589 1403 iam
1630 1345 1915 1432 segnior,
1957 1361 2152 1431 atque

498 1461 631 1521 Iam
674 1462 879 1521 minus
921 1478 1115 1547 atque
1154 1466 1357 1523 minus
1396 1481 1686 1523 successu
1730 1459 1937 1524 laetus
1977 1483 2320 1549 equorum.

497 1577 736 1639 Attulit
780 1575 947 1641 hunc
988 1576 1089 1640 illi
1129 1581 1334 1641 caecis
1374 1577 1720 1642 terroribus
1761 1598 1914 1643 aura

493 1698 911 1759 Commixtum
954 1696 1321 1774 clamorem,
1359 1696 1773 1784 adrectasque
1813 1696 2068 1783 impulit
2106 1720 2284 1762 aures

492 1811 806 1878 Confusae
847 1838 1033 1879 sonus
1066 1814 1247 1880 urbis
1286 1836 1349 1879 et
1392 1815 1754 1880 illaetabile
1791 1837 2100 1879 murmur.

495 1934 618 1997 Hei
659 1929 841 1997 mihi!
880 1934 1037 2022 quid
1080 1952 1262 1999 tanto
1303 1933 1646 1999 turbantur
1682 1936 1926 1997 moenia
1965 1926 2196 1997 luctu?

492 2052 727 2133 Quisve
765 2055 896 2116 ruit
935 2070 1147 2117 tantus
1184 2054 1429 2117 diversa
1468 2052 1705 2115 clamor
1747 2049 1830 2116 ab
1867 2046 2071 2117 urbe?

489 2170 596 2235 Sic
636 2172 765 2249 ait,
804 2168 1228 2259 adductisque
1270 2192 1477 2235 amens
1518 2168 1808 2235 subsistit
1851 2165 2147 2233 habenis.

490 2293 707 2377 Atque
747 2287 933 2368 huic,
970 2292 1037 2353 iu
1074 2286 1301 2355 faciem
1342 2309 1513 2353 soror
1550 2305 1621 2351 ut
1662 2309 1968 2352 conversa
2009 2288 2266 2353 Metisci

487 2409 773 2499 Aurigae
810 2429 1190 2497 currumque
1226 2426 1291 2471 et
1331 2428 1529 2496 equos
1568 2424 1631 2471 et
1672 2406 1810 2469 lora
1851 2405 2150 2497 regebat,

488 2522 755 2591 Talibus
794 2529 1072 2590 occurrit
1114 2526 1339 2591 dictis:
1382 2528 1515 2591 Hac
1539 2572 1559 2604 ,
1601 2528 1845 2605 Turne,
1882 2548 2216 2614 sequamur

486 2645 916 2736 Troiugenas,
952 2668 1081 2733 qua
1122 2648 1325 2734 prima
1362 2648 1527 2708 viam
1567 2646 1842 2708 victoria
1883 2643 2142 2731 pandit:

486 2764 648 2826 Sunt
690 2764 842 2841 alii,
881 2766 993 2852 qui
1031 2781 1203 2827 tecta
1247 2785 1431 2826 manu
1474 2760 1818 2838 defendere
1859 2763 2138 2848 possint.

486 2881 745 2970 Ingruit
785 2886 1021 2946 Aeneas
1063 2881 1280 2958 Italis,
1322 2898 1387 2946 et
1430 2879 1675 2968 proelia
1717 2882 1966 2944 miscet:

477 2999 563 3061 Et
610 3021 717 3062 nos
759 3022 945 3063 saeva
990 3024 1171 3064 manu
1214 3003 1539 3063 mittamus
1582 2995 1808 3062 funera
1841 2997 2146 3062 Teucris.

477 3117 617 3182 ‘Nec
658 3140 915 3182 numero
955 3115 1254 3197 inferior,
1296 3139 1551 3208 pugnae
1590 3137 1702 3181 nec
1742 3113 1980 3181 honore
2015 3113 2296 3180 recedes.

485 3235 737 3299 Turnus
776 3236 854 3300 ad
896 3235 1095 3302 haec:

481 3357 537 3413 Ο
581 3375 797 3431 soror,
838 3373 899 3418 et
942 3353 1177 3420 dudum
1218 3355 1539 3445 adgnovi,
1580 3375 1774 3440 quum
1815 3354 2020 3438 prima
2037 3371 2148 3438 per
2167 3365 2362 3414 artem

479 3469 765 3534 Foedera
810 3471 1119 3548 turbasti,
1162 3493 1355 3562 teque
1396 3470 1551 3536 haec
1592 3475 1656 3536 in
1698 3471 1870 3536 bella
1909 3467 2180 3535 dedisti:

478 3591 561 3650 Et
610 3611 775 3652 nuuc
816 3590 1247 3679 nequidquam
1298 3589 1469 3657 fallis
1505 3590 1649 3656 dea.
1700 3587 1824 3653 Sed
1861 3592 2004 3676 quis
2042 3588 2318 3676 Olympo

480 3706 833 3770 Demissam
876 3724 1085 3772 tantos
1124 3710 1332 3773 voluit
1379 3727 1441 3774 te
1482 3706 1645 3773 ferre
1685 3698 1992 3771 labores?

474 3826 577 3884 An
619 3821 845 3888 fratris
888 3829 1095 3890 miseri
1134 3827 1329 3892 letum
1372 3846 1443 3892 ut
1484 3827 1744 3893 crudele
1787 3813 2078 3888 videres?

480 3941 647 4004 Nam
669 3941 832 4029 quid
858 3939 1327 4036 ago?autquae
1352 3949 1473 4010 iam
1486 3942 1750 4034 spondet
1774 3945 2048 4008 Fortuna
2065 3931 2370 4002 salutem?
