3400 5175
1000 574 1165 624 220
1640 576 1715 628 ι».
1799 574 2326 632 vntornrr
2569 563 2730 666 743

1086 704 1395 778 Cervum,
1434 720 1543 766 aut
1586 688 1892 790 puniceae
1931 727 2176 793 septum
2218 706 2556 775 formidine
2597 738 2858 802 pennae,

1090 825 1365 883 Venator
1405 844 1621 899 cursu,
1658 827 1831 887 canis
1867 842 1933 887 et
1967 826 2336 904 latratibus,
2380 832 2617 909 instat3
2699 880 2717 887 -

1086 940 1209 1003 Ille
1246 958 1487 1017 autem,
1528 941 1778 1005 insidiis
1817 960 1880 1004 et
1923 947 2063 1029 ripa
2103 949 2366 1008 territus
2407 947 2577 1025 alta,
2648 1034 2656 1043 ι
2709 1000 2716 1007 .
2783 988 2816 1001 -.

1090 1058 1276 1121 Mille
1316 1056 1486 1148 fugit
1526 1056 1900 1149 refugitque
1939 1065 2108 1125 vias:
2149 1082 2216 1125 at
2257 1063 2512 1127 vividus
2555 1050 2784 1253 Vtib'fr
2911 1064 2948 1131 ⁴.

1090 1181 1323 1239 Haeret
1362 1175 1577 1254 hians,
1616 1182 1738 1241 iam
1781 1182 2038 1267 iamque
2077 1200 2280 1257 tenet,
2321 1154 2950 1292 similisqufissi'enenti

1087 1298 1411 1382 Increpuit
1454 1297 1665 1373 malis,
1712 1320 2044 1385 morsuque
2085 1299 2296 1361 elusus
2335 1303 2508 1363 inani
2550 1262 2752 1399 εειέἶὶζῑῐ
2849 1361 2856 1367 .

1090 1418 1251 1477 Tum
1291 1436 1439 1477 vero
1476 1417 1764 1478 exoritur
1802 1417 2068 1481 clamor:
2113 1422 2416 1506 ripaeque
2456 1386 2753 1513 lacusquir

1088 1536 1473 1617 Responsant
1512 1537 1721 1611 circa,
1757 1554 1820 1597 et
1861 1535 2108 1598 caelum
2152 1554 2330 1599 tonat
2367 1560 2544 1599 omne
2585 1524 2894 1601 tumultui

1088 1651 1211 1712 Ille
1250 1652 1438 1714 simul
1479 1648 1768 1741 fugiens,
1811 1654 2090 1717 Rutulos
2127 1656 2314 1717 simul
2356 1658 2648 1739 increpat
2673 1656 2918 1747 difflues,

1092 1770 1357 1831 Nomine
1383 1792 1699 1857 quemque
1727 1795 1986 1849 vocans,
2011 1792 2364 1861 notumque
2385 1771 2697 1862 efflagitat
2722 1752 2956 1837 ensem.

1090 1895 1331 1951 Aeneas
1372 1909 1627 1954 mortem
1668 1908 1926 1967 contra,
1965 1915 2381 1980 praesensque
2419 1895 2693 1957 minatur

1090 2009 1379 2069 Exitium
1408 2010 1460 2069 si
1488 2054 1505 2081 ,
1529 2010 1868 2094 quisquam
1905 2008 2122 2088 adeat;
2163 2030 2486 2097 terretque
2526 2008 2889 2087 trementes„

1092 2127 1465 2189 Excisurutn
1510 2126 1726 2189 urbem
1769 2129 2092 2203 minitans,
2131 2146 2198 2190 et
2233 2130 2484 2191 saucius
2525 2129 2782 2225 inrigat·¹
2815 2132 2857 2199 ‚i
2917 2130 2936 2220 ξ

1090 2247 1387 2331 Quinque
1411 2242 1593 2309 orbes
1622 2244 1884 2331 explent
1924 2266 2152 2323 cursu,
2185 2245 2581 2333 totidemque
2623 2200 2955 2367 ἓειὶὲῑιΰπ-

1087 2365 1231 2427 Huc
1272 2362 1431 2427 illuc
1454 2407 1473 2427 .
1510 2365 1734 2450 Neque
1775 2368 1940 2426 enim
1977 2362 2146 2427 levia
2183 2380 2295 2427 aut
2335 2362 2588 2427 ludicra
2625 2339 2928 2451 ffiet'untur

1089 2484 1399 2547 Praemia:
1448 2480 1557 2547 sed
1596 2485 1798 2545 Turni
1837 2480 1916 2547 de
1953 2484 2091 2547 vita
2129 2503 2190 2546 et
2230 2484 2536 2573 sanguine
2575 2502 2865 2547 certant.

1090 2605 1284 2666 Forte
1322 2625 1495 2668 sacer
1536 2607 1756 2668 Fauno
1795 2600 1973 2667 foliis
2012 2601 2287 2666 oleaster
2329 2603 2558 2665 amaris

1093 2723 1216 2784 mc
1256 2739 1549 2799 steterat,
1594 2726 1804 2785 nautis
1842 2721 1994 2784 olim
2035 2717 2394 2784 venerabile
2431 2721 2716 2808 signum:

1096 2843 1345 2916 Servati
1385 2863 1463 2906 ex
1504 2841 1695 2906 undis
1735 2839 1845 2906 ubi
1887 2838 2078 2930 figere
2119 2837 2284 2901 dona
2321 2834 2607 2902 solebant

1092 2960 1398 3022 Laurenti
1438 2958 1619 3034 divo,
1658 2977 1724 3020 et
1765 2977 1942 3020 votas
1980 2955 2355 3043 suspendere
2393 2973 2635 3019 vestes.

1092 3075 1213 3138 Sed
1256 3079 1515 3161 stirpem
1556 3081 1788 3140 Teucri
1829 3075 2004 3140 nullo
2046 3075 2410 3139 discrimine
2451 3095 2695 3137 sacrum

1093 3193 1528 3272 Sustulerant,
1568 3217 1730 3282 puro
1765 3214 1834 3258 ut
1871 3213 2120 3282 possent
2160 3216 2536 3259 concurrere
2577 3213 2829 3277 campo.

1092 3313 1216 3376 mc
1257 3309 1437 3375 hasta
1480 3318 1726 3378 Aeneae
1763 3313 2004 3378 stabat:
2050 3313 2176 3378 huc
2220 3318 2496 3401 impetus
2539 3312 2714 3375 illam

1092 3431 1467 3511 Detulerat,
1508 3431 1695 3497 fixam
1735 3454 1796 3497 et
1838 3434 2016 3499 lenta
2055 3437 2118 3496 in
2161 3432 2372 3497 radice
2417 3430 2710 3494 tenebat.

1092 3549 1431 3630 Incubuit,
1471 3553 1810 3642 voluitque
1851 3577 2034 3620 manu
2075 3552 2430 3616 convellere
2471 3546 2704 3613 ferrum

1092 3669 1519 3749 Dardanides,
1558 3673 1832 3760 teloque·
1855 3675 2067 3761 sequi,
2109 3692 2294 3758 quem
2339 3667 2644 3756 prendere
2687 3685 2882 3728 cursu

1090 3791 1233 3852 Non
1275 3808 1557 3876 poterat.
1597 3795 1760 3852 Tum
1801 3813 1952 3854 vero
1995 3811 2201 3854 amens
2241 3784 2580 3852 formidine
2621 3787 2906 3857 Turnus,

1093 3909 1303 3972 Faune
1322 3954 1339 3986 ‚
1366 3911 2223 3998 precor,miserere,inquit;
2251 3925 2450 3993 tuque
2478 3907 2718 3990 optima
2737 3897 2966 3964 ferrum
