3400 5175
880 533 1041 607 260
1644 550 2090 605 ornrs.
2268 528 2426 605 303

978 682 1155 745 Vnde
1200 680 1315 743 alii
1354 678 1591 768 fugisse
1628 676 1879 759 ferunt,
1921 701 1982 745 et
2027 704 2248 745 nomen
2294 681 2592 769 Aphaeae

974 802 1261 889 Virginis
1304 798 1671 888 adsignant:
1717 800 1859 877 alii,
1900 822 2030 887 quo
2075 804 2283 864 notior
2323 823 2516 877 esses,

975 922 1361 1007 Dictynnam
1402 918 1651 996 dixere,
1694 936 1804 981 tuo
1839 918 1917 982 de
1957 922 2240 997 nomine,
2283 923 2486 983 Luna.

933 1032 1113 1102 ‘Sint
1154 1036 1303 1101 haec
1346 1060 1499 1101 vera
1544 1038 1768 1099 velim:
1811 1034 1967 1099 mihi
2007 1056 2215 1115 certe,
2253 1056 2489 1128 gnata,
2531 1038 2794 1123 peristi.

972 1160 1323 1245 Numquam
1371 1178 1489 1246 ego
1539 1175 1603 1219 te
1642 1177 1877 1219 summo
1919 1154 2290 1219 volitantem
2333 1159 2576 1220 vertice
2615 1157 2846 1219 montis

972 1280 1283 1338 Hircanoe
1319 1278 1484 1338 iuter
1524 1278 1786 1338 comites
1826 1298 2176 1366 agmenque
2214 1273 2488 1353 ferarum

974 1397 1409 1482 Conspiciam,
1456 1417 1567 1457 nec
1611 1412 1673 1457 te
1713 1395 2076 1459 redeuntem
2117 1395 2410 1483 amplexa
2449 1394 2718 1457 tenebo.

972 1518 1202 1577 Verum
1244 1512 1571 1577 lanceatum
1617 1512 1796 1578 nobis
1834 1518 2052 1605 gravia
2092 1534 2288 1601 atque
2331 1512 2594 1604 indigna
2629 1509 2840 1585 fuere,

974 1637 1165 1710 Tum,
1206 1654 1339 1695 mea
1378 1632 1665 1709 alumna,
1709 1635 1804 1695 tui
1846 1654 2042 1719 quum
2067 1656 2206 1719 spes
2235 1636 2484 1723 integra
2517 1631 2842 1709 manebat3

970 1756 1052 1813 Et
1092 1774 1213 1814 vox
1258 1753 1377 1813 ista
1426 1773 1586 1813 meas
1624 1750 1893 1814 nondum
1944 1751 2292 1814 violaverat
2334 1774 2544 1814 aures.

970 1876 1140 1934 Tene
1178 1873 1369 1933 etiam
1412 1874 1689 1933 Fortuna
1731 1867 1883 1932 mihi
1923 1868 2200 1933 crudelis
2241 1862 2524 1933 ademit?

973 1994 1174 2065 Tene,
1215 2011 1252 2051 o
1290 1989 1421 2050 sola
1464 2010 1631 2049 meae
1672 1986 1934 2051 vivendi
1975 2011 2190 2052 caussa
2226 1982 2562 2051 senectae?

974 2114 1171 2195 Saepe
1216 2126 1326 2171 tuo
1366 2106 1542 2170 dulci
1588 2106 2015 2195 nequidquam
2059 2124 2249 2193 capta
2289 2128 2548 2192 sopore,

972 2232 1175 2309 Quum
1218 2244 1523 2313 premeret
1563 2245 1825 2303 natura,
1870 2229 2022 2290 mori
2067 2248 2163 2287 me
2199 2223 2365 2287 velle
2405 2224 2671 2315 negavi,

969 2351 1054 2407 Vt
1098 2344 1219 2409 tibi
1258 2348 1528 2434 Corycio
1570 2345 1972 2435 glomerarem
2019 2344 2296 2408 flammea
2335 2342 2511 2407 luto.

967 2470 1107 2545 Quo
1138 2486 1299 2527 nunc
1326 2488 1452 2541 me,
1490 2461 1758 2543 infelix,
1791 2484 1899 2529 aut
1927 2488 2089 2552 quae
2115 2487 2210 2527 me
2255 2464 2508 2526 numina
2540 2452 2838 2523 servant?

968 2591 1064 2647 An
1105 2587 1329 2660 nescis,
1372 2606 1501 2671 qua
1542 2582 1682 2674 lege
1727 2588 1926 2670 patris
1961 2584 2038 2648 de
2080 2585 2320 2647 vertice
2355 2605 2594 2645 summo

912 2693 919 2700 ’
969 2703 1161 2766 Edita
1200 2703 1543 2768 candentes
1586 2721 1918 2790 praetexat
1963 2725 2246 2789 purpura
2285 2695 2518 2765 canos?

969 2827 1110 2902 Quo
1152 2826 1327 2887 tenui
1372 2825 1613 2908 patriae
1650 2845 1790 2908 spes
1829 2826 1912 2886 sit
1955 2844 2248 2909 suspensa
2289 2814 2570 2908 capillo?

968 2944 1034 3004 Si
1076 2945 1302 3017 nescis,
1344 2941 1619 3028 aliquam
1664 2963 1910 3029 possum
1947 2963 2197 3028 sperare
2233 2943 2538 3006 salutem:

970 3063 1181 3124 Inscia
1224 3060 1738 3148 qnandoquidem
1777 3061 1980 3124 scelus
2017 3081 2082 3125 es
2121 3080 2350 3126 conata
2387 3057 2757 3124 nefandum.

968 3181 1079 3241 Sin
1119 3195 1248 3254 est,
1287 3177 1458 3264 quod
1503 3195 1884 3265 metuotper
1905 3202 2032 3256 me,
2065 3203 2196 3243 mea
2217 3181 2498 3256 alumna,
2531 3197 2837 3267 tuumque

968 3301 1315 3382 Expertum
1358 3293 1572 3361 multis
1614 3301 1871 3361 miserae
1912 3298 2089 3363 mihi·
2113 3299 2294 3364 rebus
2336 3322 2640 3375 amorem,

967 3419 1083 3478 Per
1124 3437 1257 3492 me,
1292 3432 1357 3478 et
1396 3438 1587 3480 saeva
1626 3439 1848 3502 precor
1891 3443 2000 3506 per
2043 3423 2296 3484 numina
2339 3417 2662 3507 Ilithyae,

936 3531 1063 3598 'Ne
1106 3553 1349 3599 tantum
1392 3539 1455 3598 in
1498 3533 1748 3600 facinus
1789 3558 1912 3602 tam
1957 3539 2130 3603 molli
2175 3556 2378 3602 mente
2419 3534 2677 3600 feraris.

964 3657 1106 3718 Non
1148 3677 1267 3746 ego
1308 3673 1371 3718 te
1413 3660 1704 3743 incepto,
1746 3655 1882 3721 fieri
1924 3659 2096 3746 qnod
2137 3680 2256 3721 non
2297 3677 2477 3745 pote,
2515 3675 2708 3719 conor

965 3773 1255 3837 Flectere
1271 3796 1475 3838 amore
1492 3821 1509 3852 ,
1538 3795 2002 3864 nequeesteum
2023 3778 2120 3843 dis
2133 3778 2512 3843 contendere
2529 3793 2832 3840 nostrum:

968 3891 1086 3956 Sed
1128 3897 1325 3980 patris
1365 3896 1667 3960 incolumi
1711 3899 1928 3984 potius
1965 3917 2028 3961 te
2069 3897 2303 3964 nubere
2341 3916 2567 3988 regno,
