3400 5175
915 599 1374 656 Aznzrnos
1437 602 1610 655 mn.
1670 602 1839 658 v11.
1951 580 2117 685 495
2262 582 2363 663 55

487 732 838 810 Deflueret,
879 735 1156 821 ripaque
1197 752 1405 797 aestus
1441 734 1763 799 viridante
1804 736 2083 802 levaret.

486 858 626 943 Ipse
665 856 906 931 etiam,
943 854 1217 916 eximiae
1257 852 1466 917 laudis
1506 878 1841 919 succensus
1880 879 2122 935 amore,

487 978 792 1039 Ascanius
825 996 1028 1037 curvo
1064 972 1300 1036 direxit
1344 974 1593 1059 spicula
1633 998 1867 1039 cornu:

487 1098 618 1158 Nec
657 1093 924 1158 dextrae
963 1095 1202 1155 erranti
1243 1092 1396 1156 deus
1433 1088 1630 1157 afuit:
1673 1114 1945 1181 actaque
1982 1097 2185 1161 multo

485 1217 728 1301 Perque
771 1234 1022 1276 uterum
1063 1214 1276 1276 sonitu
1317 1232 1554 1299 perque
1591 1212 1708 1275 ilia
1747 1216 1923 1277 venit
1966 1218 2237 1280 arundo-

487 1336 752 1399 Saucius
793 1351 856 1395 at
895 1332 1262 1422 quadrupes
1301 1350 1452 1395 nota
1493 1336 1664 1396 intra
1707 1351 1879 1397 tecta
1915 1332 2188 1427 refugit,

488 1456 936 1540 Successitque
974 1474 1224 1543 gemens
1263 1450 1567 1527 stabulis,
1609 1472 1973 1541 questuque
2013 1474 2313 1521 cruentus

489 1578 700 1660 Atque
741 1573 1110 1658 imploranti
1151 1572 1376 1635 similis
1418 1588 1655 1635 tectum
1693 1594 1875 1637 omne
1914 1575 2237 1661 replebat.

489 1694 689 1758 Silvia
725 1696 930 1779 prima
969 1713 1176 1767 soror,
1219 1691 1447 1777 palmis
1485 1712 1784 1777 percussa
1822 1691 2126 1773 lacertos,

486 1814 817 1877 Auxilium
855 1828 1078 1888 vocat,
1115 1828 1181 1873 et
1223 1808 1412 1873 duros
1451 1810 1807 1875 conclamat
1846 1834 2163 1905 agrestes.

490 1932 618 1995 Olli
661 1932 912 2019 (pestis
951 1934 1118 1992 enim
1155 1931 1376 1993 tacitis
1413 1930 1570 1995 latet
1612 1955 1827 2019 aspera
1866 1934 2095 2020 silvia)

489 2053 825 2139 Improvisi
867 2048 1135 2113 adsunt:
1177 2046 1282 2113 hic
1323 2067 1493 2115 torre
1534 2074 1809 2117 armatus
1848 2053 2113 2134 obusto,

490 2172 742 2257 Stipitis
779 2168 885 2233 hic
927 2168 1182 2259 gravidi
1225 2168 1429 2232 nodia:
1471 2172 1642 2257 quod
1683 2177 1925 2261 cuique
1962 2187 2285 2261 repertum

493 2292 806 2365 Rimanti,
849 2290 1046 2353 telum
1090 2293 1184 2352 ira
1221 2286 1412 2353 facit.
1454 2294 1656 2353 Vocat
1700 2294 1951 2382 agmina
1996 2292 2359 2382 Tyrrhena,

494 2406 912 2487 Quadrifidam
955 2430 1258 2496 quercum
1299 2414 1518 2473 cuneis
1559 2430 1628 2474 ut
1667 2410 1832 2475 forte
1874 2416 2120 2477 coactis

498 2528 870 2606 Scindebat,
904 2546 1086 2616 rapta
1123 2532 1370 2616 spirans
1412 2532 1680 2594 immane
1720 2534 1964 2596 securi.

497 2656 576 2714 At
615 2671 808 2715 saeva
850 2672 884 2712 e
924 2649 1201 2737 speculis
1242 2670 1491 2737 tempus
1533 2649 1650 2713 dea
1691 2666 1883 2713 nacta
1920 2649 2189 2712 nocendi

497 2771 708 2835 Ardua
748 2789 922 2834 tecta
965 2772 1130 2858 petit
1174 2768 1450 2846 stabuli3
1493 2785 1558 2832 et
1598 2767 1676 2832 de
1716 2767 1995 2832 culmine
2036 2791 2276 2832 summo

499 2892 818 2956 Pastorale
858 2894 1032 2955 canit
1075 2896 1359 2980 signum,
1400 2911 1733 2978 cornuque
1775 2911 2045 2952 recurvo

497 3015 852 3077 Tartaream
896 3011 1169 3078 intendit
1208 3033 1462 3075 vocem:
1507 3032 1639 3096 qua
1683 3012 1973 3095 protinus
2011 3030 2191 3073 omne

501 3137 894 3199 Contremuit
937 3153 1184 3208 nemus,
1227 3150 1290 3193 et
1333 3131 1537 3194 silvae
1577 3133 1911 3194 intonuere
1952 3125 2334 3216 profundae.

501 3249 726 3320 Audiit
769 3272 833 3317 et
877 3255 1141 3317 Triviae
1177 3251 1370 3342 longe
1415 3249 1625 3328 lacus,
1670 3251 1879 3314 audiit
1921 3255 2119 3315 amnis

503 3372 866 3461 sulphurea
911 3377 1042 3436 Nar
1083 3370 1264 3436 albus
1301 3392 1496 3458 aqua,
1535 3366 1873 3459 fontesque
1914 3373 2173 3446 Velini3

503 3495 582 3556 Et
621 3493 914 3581 trepidae
957 3512 1194 3556 matres
1231 3513 1516 3578 pressere
1558 3489 1637 3554 ad
1675 3506 1937 3578 pectora
1979 3509 2187 3552 natos·

503 3613 660 3678 Tum
703 3635 854 3676 vero
895 3611 976 3676 ad
1019 3633 1234 3675 vocem
1277 3609 1549 3686 celeres,
1591 3632 1721 3696 qua
1756 3607 2031 3672 'buccina
2074 3611 2323 3695 signum

503 3735 656 3796 Dira
696 3731 916 3808 dedit,
956 3735 1154 3818 raptis
1196 3747 1580 3794 concurrunt
1622 3725 1909 3813 undique
1946 3724 2093 3789 telis

499 3852 812 3918 Indomiti
855 3851 1216 3942 agricolae:
1264 3871 1508 3914 necnon
1547 3867 1608 3910 et
1652 3851 1851 3909 Troia
1896 3841 2093 3929 pubes

505 3975 778 4036 Ascanio
816 3971 1132 4034 auxilium
1164 3972 1386 4034 eastris
1423 3963 1700 4032 effundit
1738 3966 2008 4052 apertis.
