3400 5175
1392 605 1902 661 cvnnx.
2081 580 2170 661 51
2449 585 2648 663 233·

734 735 1011 801 Pendula
1053 738 1355 823 proiectis
1394 758 1749 825 carpuntur
1787 758 1849 801 et
1889 738 2116 805 arbuta
2157 740 2378 817 ramis,

734 858 1074 941 Densaque
1116 856 1415 944 virgultis
1455 856 1639 920 avide
1680 854 1970 919 labrusca
2007 877 2346 943 petuntur.

734 978 905 1039 Haec
944 997 1239 1060 suspensa
1287 979 1449 1061 rapit
1494 977 1752 1039 rodente
1792 979 2124 1038 cacumina
2165 998 2406 1055 morsu,

734 1093 854 1155 Vel
894 1092 1109 1156 salicis
1148 1093 1390 1170 lentae,
1432 1093 1569 1171 vel,
1605 1116 1771 1182 quae
1809 1117 1972 1159 nova
2009 1101 2323 1173 nascitur,
2364 1095 2532 1175 alni;

735 1214 904 1273 Haec
945 1231 1197 1275 tenerae
1238 1208 1532 1277 fruticem
1571 1217 1764 1276 sentis
1800 1217 2100 1291 rimatur;
2145 1231 2209 1277 at
2251 1213 2367 1277 illa

733 1332 1022 1393 Imminet
1068 1352 1101 1395 e
1138 1334 1279 1415 ripa
1321 1354 1603 1417 prostans
1644 1334 1707 1395 in
1751 1335 2044 1423 imaginis
2083 1331 2399 1397 umbram.

828 1452 879 1510 Ο
924 1447 1085 1512 bona
1130 1452 1428 1535 pastoris,
1468 1454 1520 1512 si
1562 1455 1712 1538 quis
1752 1472 1870 1514 non
1915 1455 2216 1537 pauperis
2251 1474 2428 1515 usum

732 1571 948 1630 Mente
988 1574 1167 1653 prius
1208 1567 1395 1631 docta
1440 1572 1599 1631 ruris
1637 1567 1962 1633 fastidiat:
2001 1570 2102 1633 illi

730 1690 985 1763 Omnia,
1018 1686 1314 1751 luxuriae
1352 1692 1616 1775 spretis,
1659 1692 2028 1779 incognita,
2069 1692 2270 1765 curis,

732 1812 909 1887 Quae
951 1807 1229 1869 lacerant
1275 1806 1495 1869 avidas
1538 1810 1798 1871 inimico
1843 1826 2097 1894 pectore
2137 1828 2406 1873 mentes.

734 1930 800 1989 Si
842 1948 964 1989 uon
1008 1929 1268 2015 Assyrio
1311 1923 1545 1990 fuerint
1590 1926 1687 1990 his
1729 1926 1898 1989 lauta
1939 1926 2150 1989 colore

733 2045 1034 2108 Attalicis
1072 2045 1299 2131 opibus
1329 2046 1488 2109 data
1528 2046 1807 2123 vellera3
1850 2048 1900 2108 si
1947 2048 2115 2108 nitor
2157 2046 2296 2107 auri

734 2161 865 2229 Sub
902 2164 1201 2251 laqueare
1242 2163 1459 2229 domus
1496 2170 1768 2228 animum
1815 2187 1936 2228 non
1979 2166 2184 2253 tangit
2227 2186 2518 2241 avarum,

732 2286 1165 2369 Picturaeque
1206 2282 1435 2360 decus;
1478 2282 1762 2370 lapidum
1807 2306 1918 2349 nec
1959 2280 2175 2374 fulgor
2213 2282 2294 2347 ab
2332 2283 2468 2347 ulla

734 2406 1045 2493 cognitus
1082 2402 1371 2466 utilitate
1410 2423 1653 2482 movet3
1693 2426 1807 2467 nec
1847 2402 2078 2491 pocula
2118 2420 2368 2493 gratum

736 2523 997 2588 Alconis
1037 2519 1320 2587 referunt
1354 2520 1714 2611 Boethique
1756 2541 2078 2602 toreuma;
2118 2543 2229 2585 nec
2268 2517 2413 2583 Indi

735 2642 1031 2708 Conchea
1066 2642 1260 2708 bacca
1304 2647 1483 2706 maris
1525 2647 1731 2729 pretio
1767 2663 1898 2706 est:
1939 2659 2001 2704 at
2045 2659 2300 2727 pectore
2335 2661 2498 2725 puro

736 2769 935 2850 Saepe
969 2785 1157 2849 super
1197 2782 1412 2826 tenero
1456 2763 1798 2848 prosternit
1836 2763 2120 2851 gramine
2158 2781 2428 2846 corpus;

736 2883 993 2948 Florida
1030 2905 1225 2970 quum
1270 2881 1461 2944 tellus
1502 2901 1889 2972 gemmantes
1932 2883 2106 2966 picta
2146 2901 2258 2966 per
2297 2876 2523 2944 herbas

736 3007 899 3066 Vere
942 3019 1128 3066 novat
1170 3001 1347 3066 dulci
1392 2999 1695 3065 distincta
1734 2999 2057 3089 coloribus
2098 3017 2280 3060 arva:

740 3129 953 3210 Atque
996 3121 1175 3184 illum
1220 3121 1463 3184 calamo
1500 3121 1736 3184 laetum
1777 3123 2098 3182 recinente
2137 3116 2438 3204 palustri,

740 3247 1017 3330 Otiaque
1062 3241 1305 3305 invidia
1342 3241 1674 3331 degentem
1719 3259 1790 3301 ac
1835 3235 2056 3301 fraude
2097 3253 2370 3310 remota,

735 3361 1213 3448 Pollentemque
1254 3364 1389 3438 sui,
1429 3359 1625 3423 viridi
1668 3381 1810 3422 cum
1857 3357 2119 3442 palmite
2159 3353 2418 3428 ludens,

736 3479 987 3544 Tmolia
1026 3481 1357 3566 pampineo
1395 3475 1613 3540 subter
1652 3497 1828 3540 coma
1869 3474 2038 3536 velat
2081 3473 2352 3536 amictu.

738 3600 847 3662 Illi
888 3619 1030 3662 sunt
1076 3617 1298 3688 gratae
1341 3616 1623 3660 rorantes
1656 3595 1831 3657 lacte
1869 3590 2186 3676 capellae,

740 3721 824 3780 Et
866 3739 1109 3793 nemus,
1152 3737 1211 3779 et
1256 3713 1527 3780 fecunda
1573 3714 1784 3790 Pales,
1818 3732 1880 3773 et
1921 3707 2200 3770 vallibus
2241 3707 2385 3768 imis

740 3841 995 3922 Semper
1034 3857 1229 3921 opaca
1270 3837 1447 3897 novis
1491 3834 1806 3896 manantia
1842 3825 2126 3892 fontibus
2164 3841 2372 3887 antra.

736 3959 893 4036 Quis
939 3959 1135 4045 magis
1173 3973 1397 4042 optato
1436 3975 1630 4041 queat
1675 3974 1806 4016 esse
1849 3948 2100 4014 heatior
2135 3966 2323 4042 aero,
