3400 5175
871 609 1342 671 autumnos
1407 610 1583 667 un.
1645 610 1812 670 vu.
1954 620 2107 701 719
2230 596 2333 675 63

445 754 680 815 Saevus
717 744 834 813 ubi
875 751 1074 813 Orion
1115 743 1404 810 hibernis
1443 744 1743 810 conditur
1786 746 2006 829 undis3

445 870 562 932 Vel
597 890 788 956 quam
827 866 958 930 sole
995 888 1160 929 novo
1199 865 1427 930 densae
1467 886 1795 933 torrentur
1836 873 2105 951 aristae,

451 994 575 1052 Aut
619 989 834 1051 Hermi
875 1008 1106 1075 campo
1145 1004 1256 1049 aut
1303 990 1540 1075 Lyciae
1577 984 1963 1055 flaventibus
2003 994 2205 1057 arvis:

455 1112 646 1173 Scuta
683 1124 941 1183 sonant,
984 1104 1298 1194 pulsuque
1335 1106 1561 1193 pedum
1601 1114 1949 1175 conterrita
1992 1112 2223 1177 tellus.

547 1230 712 1290 Hinc
757 1228 1328 1317 Agamemnonius,
1367 1228 1628 1290 Troiani
1659 1230 1928 1291 nominis
1970 1226 2201 1307 hostis,

461 1346 664 1409 Curru
707 1347 924 1436 iungit
965 1345 1268 1409 Halaesus
1309 1368 1541 1433 equos,
1583 1348 1934 1435 Turnoque
1974 1345 2215 1416 feroces

461 1464 646 1527 Mille
689 1468 859 1551 rapit
900 1465 1200 1553 populos:
1243 1484 1504 1530 vertunt
1545 1462 1769 1530 felicia
1806 1465 2051 1532 baccho

455 1587 725 1648 Massica
763 1588 878 1672 qui
919 1587 1182 1659 rastrist.
1222 1604 1286 1649 et
1329 1607 1492 1675 qnos
1533 1585 1612 1649 de
1655 1586 1936 1651 collibus
1976 1588 2126 1651 altis

460 1707 748 1767 Aurunci
790 1707 1016 1769 misere
1055 1724 1305 1791 patres,
1347 1706 1764 1794 Sidicinaque
1806 1710 1991 1772 iuxta

461 1830 798 1913 Aequora3
838 1830 1085 1914 quique
1123 1826 1308 1889 Cales
1347 1825 1694 1915 linquunt余
1738 1832 2064 1917 amnisque
2102 1826 2325 1895 vadosi

463 1946 700 2011 Accola
741 1946 1092 2023 Vulturni,
1133 1949 1503 2035 pariterque
1545 1947 1868 2011 Saticulus
1906 1972 2121 2035 asper,

463 2070 896 2155 Oscorumque
937 2089 1189 2131 manus.
1231 2071 1491 2131 Teretes
1529 2085 1674 2129 sunt
1712 2066 1971 2157 aclydes
2011 2067 2144 2131 illis

470 2188 654 2251 Tela:
695 2186 803 2251 sed
839 2185 998 2251 haec
1039 2187 1218 2251 lento
1251 2208 1382 2249 mos
1421 2204 1511 2249 est
1555 2204 1776 2273 aptare
1816 2184 2105 2280 flagello:

471 2312 710 2373 Laevas
748 2326 962 2373 caetra
1004 2311 1210 2398 tegit余
1255 2303 1481 2370 falcati
1523 2311 1871 2371 comminus
1910 2328 2117 2371 enses.

559 2430 694 2491 Nec
737 2444 810 2491 tu
853 2424 1243 2492 carminibus
1284 2431 1514 2491 nostris
1555 2426 1836 2494 indictus
1876 2426 2122 2507 abibis,

469 2544 749 2626 Oebale3
791 2569 978 2636 quem
1022 2569 1350 2638 generasse
1391 2546 1592 2610 Telon
1634 2542 1984 2612 Sebethide
2024 2544 2303 2637 nympha

463 2669 728 2742 Fertur,
771 2663 1114 2730 Teleboum
1158 2669 1436 2754 Capreas
1480 2689 1672 2755 quum
1720 2687 1913 2755 regna
1956 2683 2201 2730 teneret

466 2789 598 2850 Iam
641 2788 880 2850 senior:
926 2789 1150 2874 patriis
1189 2785 1298 2850 sed
1339 2809 1464 2850 non
1502 2803 1567 2848 et
1606 2781 1773 2848 filius
1813 2787 1981 2847 arvis

465 2909 856 2983 Contentus,
899 2905 1032 2970 late
1069 2909 1187 2970 iam
1231 2924 1366 2969 tum
1403 2903 1654 2970 ditione
1700 2901 2028 2990 premebat

471 3032 784 3092 Sarrastes
817 3025 1118 3113 populos,
1161 3044 1224 3089 et
1263 3045 1430 3113 quae
1471 3027 1642 3115 rigat
1677 3043 1953 3110 aequora
1992 3023 2259 3098 Sarnus,

459 3151 712 3236 Quique
729 3142 957 3214 Rufras
971 3145 1393 3232 Batulumque
1416 3162 1631 3209 tenent
1647 3191 1664 3220 ,
1683 3142 2365 3232 atquearvaCelennae
2380 3188 2402 3219 ,

461 3273 542 3331 Et
579 3289 742 3356 quos
785 3262 1110 3332 maliferae
1145 3265 1518 3353 despectant
1561 3267 1807 3326 moenia
1850 3261 2146 3328 Abellae:

466 3390 824 3451 Teutonico
865 3391 994 3450 ritu
1035 3385 1214 3450 soliti
1257 3405 1561 3474 torquere
1601 3387 1879 3460 cateias余

472 3509 784 3598 Tegmina
822 3507 971 3594 quis
1007 3509 1288 3594 capitum
1331 3522 1556 3592 raptus
1591 3501 1670 3568 de
1712 3499 1935 3567 subere
1974 3517 2234 3579 corte1余

469 3631 866 3714 Aerataeque
909 3628 1147 3690 micant
1193 3625 1442 3712 peltae,
1481 3627 1670 3687 micat
1713 3643 1931 3686 aereus
1968 3624 2165 3684 ensis.

564 3750 646 3808 Et
689 3764 752 3809 te
791 3765 1117 3810 montosae
1157 3751 1382 3810 misere
1423 3748 1488 3808 in
1531 3743 1779 3831 proelia
1820 3743 2085 3816 Nersae,

467 3859 691 3942 erns,
733 3867 1046 3956 insignem
1093 3861 1261 3930 fama
1300 3882 1363 3928 et
1401 3860 1704 3928 felicibus
1744 3861 1963 3922 armist

465 3983 742 4050 Horrida
783 3988 1128 4076 praecipue
1165 3987 1272 4050 cui
1314 4005 1496 4079 gens,
1541 3981 1938 4066 adsuetaque
1979 3971 2179 4040 multo
