3400 5175
1138 556 1287 637 126
1753 578 1826 633 ι’.
1911 574 2470 631 vrucrtrr
2772 576 2862 653 19

1158 704 1493 799 (Namque
1508 706 1685 771 aliud
1705 706 1860 794 quid
1875 712 1958 768 sit
1974 752 1991 781 ,
2009 703 2324 792 quodiam
2345 694 3104 790 implorarequeamus?)

1214 832 1435 893 Cernis
1478 845 1549 891 ut
1592 824 1899 889 insultent
1943 823 2203 901 Rutuli;
2247 828 2626 912 Turnusque
2669 820 2906 887 feratur

1214 954 1331 1013 Per
1372 945 1604 1012 medios
1644 948 1916 1035 insignis
1954 946 2169 1033 equis,
2214 942 2620 1031 tumidusque
2661 942 2938 1007 secundo

1216 1073 1425 1133 Marte
1466 1060 1654 1131 ruat?
1690 1070 1830 1129 Non
1855 1064 2074 1129 clausa
2102 1080 2332 1155 tegunt
2363 1063 2490 1125 iam
2515 1064 2756 1126 moenia
2783 1066 3102 1142 Teucrosg

1212 1191 1379 1267 Quin
1418 1190 1584 1249 intra
1626 1208 1840 1272 portas
1881 1205 2073 1275 atque
2111 1187 2266 1270 ipsis
2305 1181 2548 1270 proelia
2588 1183 2844 1244 miscent

1216 1304 1577 1396 Aggeribus
1620 1325 1974 1383 murorum;
2016 1324 2078 1367 et
2117 1300 2430 1367 inundant
2471 1304 2778 1391 sanguine
2819 1298 3051 1365 fossae.

1213 1430 1454 1490 Aeneas
1492 1426 1754 1515 ignarus
1794 1423 2000 1487 abest.
2045 1426 2483 1511 Numquamne
2521 1420 2726 1483 levari

1210 1543 1554 1609 Obsidione
1592 1536 1802 1607 sines?
1843 1545 2035 1607 muris
2077 1544 2308 1606 iterum
2349 1543 2629 1604 imminet
2667 1540 2866 1602 hostis

1212 1666 1551 1729 Nascentis
1592 1667 1861 1741 Troiae;
1903 1686 2014 1726 nec
2059 1686 2180 1726 non
2221 1660 2543 1725 exercitus
2585 1659 2780 1735 alter,

1211 1788 1426 1870 Atque
1460 1789 1691 1846 iterum
1730 1784 1798 1845 in
1838 1786 2118 1845 Teucros
2161 1779 2402 1843 Aetolis
2443 1780 2650 1868 surgit
2689 1778 2768 1840 ab
2814 1782 3002 1865 Arpis

1209 1895 1525 1987 Tydides.
1562 1895 1911 1985 Equidem,
1953 1896 2180 1977 credo,
2223 1922 2354 1962 mea
2392 1898 2655 1963 vulnera
2695 1918 2974 1977 restaut3

1210 2018 1292 2081 Et
1336 2032 1447 2078 tua
1486 2018 1822 2104 progenies
1859 2018 2154 2081 mortalia
2195 2018 2482 2083 demoror
2521 2041 2715 2081 arma.

1208 2138 1278 2199 si
1317 2138 1454 2197 sine
1493 2156 1653 2221 pace
1693 2154 1838 2233 tua,
1881 2156 2076 2225 atque
2118 2142 2324 2202 invito
2365 2140 2618 2201 numine
2659 2140 2858 2201 Troes

1210 2253 1466 2319 Italiam
1508 2257 1793 2343 petiere;
1834 2257 2012 2321 luant
2049 2276 2343 2348 peccata:
2381 2279 2586 2346 neque
2625 2257 2770 2321 illos

1208 2376 1456 2438 Iuvetis
1494 2376 1772 2440 auxilio.
1813 2379 1922 2439 Sin
1965 2396 2058 2441 tot
2095 2400 2390 2467 responsa
2423 2378 2714 2467 sequuti,

1208 2498 1381 2575 Quae
1404 2496 1631 2582 Superi
1652 2500 2002 2584 Manesque
2024 2496 2255 2563 dabant
2273 2518 2294 2576 3
2313 2520 2426 2563 cur
2447 2521 2610 2563 nunc
2630 2516 2738 2563 tna
2757 2500 3090 2585 quisquam

1207 2617 1473 2679 Vertere
1514 2618 1681 2680 iussa
1722 2611 1980 2706 potest?
2021 2637 2128 2682 aut
2171 2641 2286 2685 cur
2327 2640 2490 2684 nova
2532 2618 2797 2684 condere
2835 2611 3020 2682 fata?

1208 2733 1379 2816 Quid
1416 2755 1695 2822 repetam
1736 2757 1996 2802 exustas
2035 2743 2314 2829 Erycino
2351 2743 2418 2804 in
2457 2739 2648 2804 litore
2687 2732 2956 2803 classes?

1204 2853 1372 2935 Quid
1416 2857 1890 2941 Tempestatum
1933 2881 2178 2950 regem,
2227 2865 2588 2950 ventosque
2629 2855 2916 2925 furentes

1208 2974 1431 3038 Aeolia
1469 2970 1766 3041 excitos?
1808 2997 1917 3042 aut
1958 2999 2164 3043 actam
2203 2979 2478 3047 nubibus
2515 2972 2710 3043 Irim?

1207 3094 1265 3155 N
1274 3115 1393 3156 unc
1436 3097 1631 3157 etiam
1672 3099 1888 3162 Manes
1927 3091 2134 3186 (haec
2178 3103 2494 3166 intentata
2529 3095 2814 3163 manebat

1204 3213 1351 3274 Sors
1393 3210 1645 3297 rerum)
1688 3237 1936 3296 movet;
1981 3239 2044 3280 et
2087 3221 2334 3308 superis
2377 3222 2650 3282 immissa
2693 3235 2950 3304 repente

1202 3327 1492 3409 Allecto,
1532 3331 1770 3398 medias
1813 3334 2044 3402 Italum
2093 3337 2402 3404 bacchata
2443 3363 2552 3426 per
2595 3336 2816 3402 urbes.

1202 3449 1317 3513 Nil
1353 3473 1544 3538 super
1582 3455 1853 3540 imperio
1893 3480 2180 3523 moveor:
2221 3461 2614 3546 speravimus
2651 3461 2811 3533 ista,

1200 3572 1365 3634 Dum
1406 3565 1661 3636 fortuna
1696 3570 1860 3640 fnit:
1903 3580 2204 3657 vincant,
2245 3599 2406 3669 quos
2442 3581 2696 3642 vincere
2737 3577 2970 3640 mavis.

1199 3691 1268 3752 Si
1306 3689 1483 3756 nulla
1525 3711 1617 3757 est
1662 3699 1881 3786 regio,
1923 3702 2190 3765 Teucris
2231 3722 2422 3789 quam
2460 3698 2569 3763 det
2611 3717 2723 3760 tua
2760 3697 2989 3760 coniux

1198 3809 1412 3887 Duru
1455 3832 1571 3897 per
1606 3833 1892 3894 eversae,
1935 3821 2232 3896 Genitor,
2273 3814 2590 3882 fumantia
2631 3819 2864 3879 Troiae

1197 3928 1469 3997 Excidia
1504 3930 1825 4014 obtestor,
1863 3937 2056 4003 liceat
2096 3937 2423 4004 dimittere
2460 3937 2544 4004 ab
2580 3939 2764 4000 armis
