3400 5175
1044 632 1195 734 178
1672 648 1748 702 ι’.
1831 634 2356 703 Vnicum
2612 622 2768 699 523

1118 792 1577 868 Armorumque
1616 778 1820 859 dolis3
1862 801 2050 870 quam
2090 780 2302 845 densis
2341 776 2676 843 frondibus
2719 796 2934 843 atrum

1120 909 1322 993 Vrget
1362 902 1684 987 utrimque
1725 899 1927 975 latus;
1973 901 2184 963 tenuis
2219 912 2347 987 qua
2385 900 2608 961 semita
2644 897 2826 960 ducit
2851 942 2871 973 ,

1120 1028 1571 1112 Angustaeque
1613 1014 1824 1081 ferunt
1866 1015 2080 1081 fauces
2122 1018 2461 1106 aditusque
2501 1017 2804 1107 maligni.

1122 1145 1298 1204 Hanc
1326 1158 1517 1224 super
1547 1139 1612 1201 in
1644 1136 1920 1222 speculis
1945 1158 2312 1225 summoque
2337 1141 2400 1200 in
2426 1140 2672 1201 vertice
2699 1137 2928 1199 montis

1124 1260 1427 1323 Planities
1469 1261 1691 1347 ignota
1736 1258 1936 1331 iacet,
1975 1262 2238 1344 tutique
2279 1274 2610 1343 receptus3

1121 1383 1245 1441 Seu
1286 1376 1513 1441 dextra
1554 1376 1862 1463 laevaque
1899 1373 2061 1439 velis
2100 1396 2436 1439 occurrere
2478 1395 2765 1463 pugnae,

1123 1499 1271 1559 Sive
1316 1498 1552 1558 instare
1594 1466 1798 1585 iugis‘,
1835 1509 1900 1557 et
1943 1492 2208 1584 grandia
2245 1494 2503 1557 volvere
2541 1515 2723 1556 saxa.

1121 1617 1263 1677 Huc
1306 1614 1557 1677 iuvenis
1594 1631 1744 1677 nota
1785 1609 1992 1677 fertur
2035 1614 2296 1703 regione
2337 1613 2618 1688 viarum,

1123 1730 1559 1818 Adripuitque
1594 1731 1838 1809 locum,
1879 1748 1941 1794 et
1984 1731 2166 1795 silvis
2206 1729 2440 1794 insedit
2479 1732 2757 1817 iniquis.

1221 1849 1513 1914 Velocem
1554 1850 1798 1913 interea
1835 1854 2087 1936 superis
2126 1852 2194 1912 in
2231 1848 2488 1913 sedibus
2531 1852 2746 1934 Opim,

1122 1970 1315 2031 Vnam
1358 1990 1435 2032 ex
1481 1968 1844 2058 virginibus
1880 1971 2072 2033 sociis
2114 1988 2422 2055 sacraque
2463 1985 2756 2043 caterva,

1116 2084 1595 2172 compellabat,
1640 2103 1702 2149 et
1749 2083 1858 2149 has
1895 2090 2112 2151 tristes
2151 2089 2420 2149 Latonia
2466 2108 2650 2149 voces

1116 2209 1241 2268 Ore
1281 2204 1501 2269 dabat:
1544 2204 1858 2270 Graditur
1901 2206 2139 2269 bellum
2183 2204 2259 2268 ad
2304 2204 2561 2269 crudele
2603 2204 2905 2283 Camilla,

1116 2326 1169 2386 Ο
1204 2327 1425 2414 vir-go,
1466 2342 1531 2387 et
1577 2326 1810 2388 nostris
1848 2324 2282 2411 nequidquam
2325 2326 2611 2411 cingitur
2651 2326 2867 2399 armis,

1118 2445 1279 2506 Cara
1308 2438 1462 2507 mihi
1490 2462 1637 2507 ante
1668 2442 1860 2507 alias.
1901 2446 2130 2531 Neque
2157 2452 2320 2507 enim
2352 2466 2550 2505 novus
2575 2446 2692 2505 iste
2722 2446 2962 2505 Dianae

1115 2566 1307 2626 Venit
1350 2558 1560 2640 amor,
1603 2562 1952 2652 subitaque
1995 2564 2270 2626 animum
2313 2558 2658 2626 dulcedine
2701 2564 2937 2625 movit.

1120 2684 1345 2746 Pulsus
1386 2682 1469 2749 ob
1510 2683 1820 2749 invidiam
1860 2705 2056 2774 regno
2095 2683 2392 2768 viresque
2430 2679 2732 2767 superbas

1114 2803 1417 2866 Priverno
1456 2805 1723 2890 antiqua
1763 2801 2063 2868 Metabus
2103 2823 2302 2887 quum
2345 2797 2684 2864 excederet
2727 2797 2882 2864 urbe
2908 2845 2934 2880 ,

1116 2913 1468 2996 Infantem,
1507 2917 1762 3010 fugiens
1805 2919 2015 2985 media
2053 2923 2219 2983 inter
2259 2919 2502 3005 proelia
2541 2918 2736 2996 belli,

1116 3033 1395 3096 Sustulit
1438 3034 1673 3098 exsilio
1715 3039 2052 3114 comitem,
2097 3041 2445 3125 matrisque
2485 3043 2746 3102 vocavit

1114 3155 1381 3214 Nomine
1424 3152 1794 3232 Casmillae,
1837 3173 2084 3218 mutata
2123 3176 2342 3243 parte,
2383 3157 2710 3220 Camillam
2740 3201 2754 3218 .

1121 3269 1297 3354 Ipse,
1342 3272 1476 3334 sine
1516 3295 1666 3356 prae
1708 3295 1774 3337 se
1815 3291 2110 3361 portans,
2150 3277 2305 3366 iuga
2347 3275 2536 3366 longa
2575 3273 2834 3362 [ietebat

1120 3387 1403 3452 Solorum
1448 3413 1808 3470 nemorum3
1853 3392 1983 3457 tela
2023 3392 2308 3481 undique
2349 3416 2532 3457 saeva
2576 3391 2980 3480 premebant,

1122 3511 1201 3568 Et
1244 3506 1631 3573 circumfuso
1672 3511 2035 3576 volitabant
2075 3513 2281 3577 milite
2323 3512 2565 3575 Volsci.

1121 3627 1319 3701 Ecce,
1365 3623 1553 3717 fugae
1596 3629 1806 3694 medio
1845 3635 2102 3696 summis
2143 3635 2480 3697 Amasenus
2521 3629 2850 3697 abundans

1111 3742 1454 3827 spumabat
1499 3746 1694 3831 ripis3
1742 3763 1958 3858 tantus
1999 3771 2064 3810 se
2107 3749 2385 3814 nubibus
2427 3748 2625 3814 imber

1106 3859 1431 3947 Ruperat.
1491 3862 1647 3940 Ille,
1690 3867 1910 3928 innare
1953 3859 2225 3954 Pax-ans,
2265 3865 2531 3932 infantis
2574 3888 2786 3930 amore

1102 3980 1464 4061 Tardatur,
1504 4005 1778 4072 caroque
1821 3989 1996 4051 oneri
2037 3990 2250 4052 timet.
2303 3989 2532 4054 Omnia
2575 4007 2779 4050 secum
