3400 5175
826 688 1283 746 Annnmos
1348 688 1522 741 mn.
1584 690 1670 743 x.
1819 668 1970 745 831
2155 668 2310 747 155

430 829 749 919 Sanguine
790 840 1429 915 turpantem.comtos
1480 820 1557 887 de
1594 844 1768 887 more
1810 824 2113 911 capillos.

530 950 786 1009 Interea
822 946 1077 1035 genitor
1114 943 1402 1009 Tiberini
1441 941 1522 1006 ad
1560 940 1842 1007 fluminis
1883 944 2115 1009 undam

434 1064 713 1129 Vulnera
748 1062 1031 1131 siccabat
1077 1060 1391 1152 lymphis,
1434 1084 1796 1152 corpusque
1835 1064 2092 1129 levabat

431 1180 695 1244 Arboris
733 1181 997 1245 acclinis
1039 1200 1304 1246 trunco.
1343 1184 1577 1247 Procul
1614 1206 1800 1249 aerea
1841 1190 2030 1249 ramis

432 1299 765 1387 Dependet
806 1300 1023 1390 galea,
1062 1318 1131 1363 et
1166 1318 1358 1389 prato
1398 1306 1625 1393 gravia
1664 1326 1836 1367 arma
1874 1306 2250 1393 quiescunt.

430 1420 613 1480 Stant
656 1418 814 1481 lecti
852 1421 1095 1485 circum
1136 1423 1427 1489 iuvenes:
1470 1423 1609 1509 ipse
1650 1444 1870 1512 aeger,
1913 1420 2254 1500 anhelans,

427 1536 611 1599 Colla
651 1533 872 1615 fovet,
916 1534 1095 1603 fusus
1138 1562 1485 1627 propexam
1525 1544 1590 1603 in
1632 1562 1892 1627 pectore
1929 1538 2215 1605 barbam:

412 1642 643 1719 ‘Multa
682 1679 869 1743 super
912 1662 1113 1721 Lauso
1156 1662 1431 1749 rogitat,
1476 1661 1874 1747 multumque
1919 1662 2229 1738 remittit,

424 1780 548 1857 Qui
587 1795 923 1855 revocent,
964 1782 1317 1865 maestique
1358 1774 1567 1841 ferant
1610 1778 1904 1842 mandata
1940 1784 2256 1866 parentis.

428 1898 514 1957 At
552 1900 826 1959 Lausum
866 1900 1024 1961 socii
1065 1902 1419 1962 exanimem
1452 1920 1639 1984 super
1680 1921 1853 1961 arma
1893 1895 2186 1962 ferebant

432 2013 719 2093 Flentes,
758 2018 1116 2106 ingentem,
1154 2035 1351 2104 atque
1386 2018 1633 2107 ingenti
1678 2017 1944 2095 vulnere
1985 2020 2257 2081 victum.

434 2134 763 2225 Adgnovit
806 2136 995 2229 longe
1036 2144 1341 2227 gemitum
1377 2158 1677 2226 praesaga
1719 2137 1864 2199 mali
1909 2158 2114 2199 mens.

432 2258 744 2321 Canitiem
784 2256 987 2321 multo
1026 2255 1336 2322 deformat
1379 2255 1673 2343 pulvere,
1711 2273 1775 2317 et
1819 2254 2036 2319 ambas

435 2374 531 2439 Ad
566 2374 813 2440 caelum
850 2376 1057 2441 tendit
1090 2375 1358 2463 palmas,
1400 2392 1461 2437 et
1498 2396 1764 2461 corpore
1801 2372 2129 2438 inhaeret.

436 2494 721 2558 Tantane
764 2517 858 2559 me
896 2500 1105 2558 tenuit
1144 2494 1442 2571 vivendi,
1482 2514 1647 2574 nate,
1698 2493 2034 2579 voluptas,

435 2615 518 2676 Vt
559 2637 674 2700 pro
720 2636 815 2676 me
854 2613 1077 2678 hostili
1115 2633 1370 2701 paterer
1408 2613 1750 2678 succedere
1790 2612 2090 2688 dextrae,

436 2736 626 2814 Quem
669 2727 907 2823 genui?
949 2751 1141 2797 tuane
1171 2731 1327 2796 haec
1358 2734 1614 2825 genitor
1642 2753 1755 2818 per
1782 2730 2050 2796 vulnera
2075 2750 2330 2804 servor,

440 2855 649 2914 Morte
688 2871 803 2914 tua
845 2846 1108 2916 vivens?
1154 2854 1331 2931 Heu,
1376 2874 1543 2918 nunc
1586 2853 1812 2914 misero
1852 2846 2004 2911 mihi
2045 2847 2292 2912 demum

444 2971 757 3035 Exsilium
798 2966 1067 3037 infelix!
1104 2994 1275 3036 nunc
1318 2971 1451 3035 alte
1492 2970 1724 3035 vulnus
1765 2961 2086 3032 adactum!

438 3087 607 3155 Idem
648 3111 803 3181 ego,
844 3110 1027 3168 nate,
1066 3109 1249 3156 tunm
1286 3089 1603 3154 maculavi
1643 3092 1908 3153 crimine
1953 3109 2210 3164 nomen,

438 3209 663 3272 Pulsus
700 3209 783 3274 ob
824 3209 1131 3275 invidiam
1168 3208 1329 3274 solio
1368 3210 1768 3296 sceptrisque
1807 3209 2092 3296 paternis
2115 3251 2165 3272 ..

438 3328 791 3394 Debueram
835 3331 1083 3416 patriae
1124 3351 1389 3416 poenas,
1432 3328 1729 3416 odiisque
1771 3349 2081 3392 meorum:

441 3449 663 3512 Omnes
706 3470 817 3534 per
856 3469 1085 3512 mortes
1123 3454 1387 3514 animam
1429 3466 1669 3512 sontem
1711 3450 1846 3535 ipse
1885 3439 2229 3512 dedissem!

438 3567 627 3630 Nunc
660 3570 841 3632 vivo:
874 3590 1083 3656 neque
1104 3567 1319 3634 adhuc
1340 3567 1620 3634 homines
1638 3567 1978 3656 lucemque
2001 3559 2332 3653 relinquo!

441 3684 918 3784 Sed-linquam.
958 3689 1163 3752 Simul
1198 3688 1317 3752 hoc
1360 3687 1580 3754 dicens
1617 3687 1864 3751 attollit
1907 3688 1975 3748 in
2012 3707 2270 3775 aegrum

444 3807 521 3866 Se
556 3800 801 3882 femur;
842 3823 940 3883 et,
980 3831 1369 3896 quamquam
1408 3811 1507 3873 vis
1546 3807 1680 3871 alto
1735 3805 1994 3868 vulnere
2035 3800 2282 3878 tardat,

441 3921 629 3985 Haud
669 3923 988 4004 deiectus,
1026 3951 1259 4016 equum
1298 3929 1451 3995 duci
1492 3924 1710 3991 iubet.
1751 3927 1887 3986 Hoc
1933 3919 2126 3984 decus
2165 3919 2302 3998 illi,

446 4041 583 4106 Hoc
622 4043 899 4110 solamen
936 4067 1105 4114 erat:
1150 4046 1339 4114 bellis
1378 4045 1501 4112 hoc
1543 4048 1753 4108 victor
1791 4039 2008 4107 abibat
