3400 5175
688 592 747 647 ฮฟ

1316 655 1814 709 chEx.
2000 660 2151 735 ยน07
2410 634 2568 712 235

694 792 897 869 Quum
941 785 1151 851 densis
1190 806 1401 873 pastor
1441 786 1712 873 pecudes
1751 786 2018 878 cogebat
2060 792 2128 851 in
2164 787 2434 853 umbris.

696 912 822 969 Has
860 906 1087 991 procul
1123 904 1419 991 adspexit
1457 906 1605 969 luco
1646 907 1945 971 recubare
1988 910 2258 986 virenti,

695 1025 883 1087 Delia
922 1024 1109 1102 diva,
1148 1045 1293 1087 tuo:
1335 1048 1464 1112 quo
1503 1024 1824 1112 quondam
1865 1030 2040 1089 victa
2079 1022 2296 1091 furore

699 1148 887 1207 Venit
932 1144 1305 1232 Nyctelium
1346 1142 1598 1235 fugiens
1638 1144 1932 1209 Cadmeis
1971 1152 2197 1237 Agaue

697 1260 999 1326 Infandas
1040 1262 1352 1328 scelerata
1397 1286 1606 1327 manus
1641 1286 1675 1327 e
1715 1264 1908 1327 caede
1947 1282 2251 1343 cruenta3

690 1386 865 1461 Quae
904 1382 1139 1472 gelidis
1180 1380 1489 1447 bacchata
1526 1386 1697 1473 iugis
1740 1386 2062 1471 requievit
2101 1387 2166 1447 in
2210 1406 2422 1463 amru,

690 1504 1008 1563 Posterius
1047 1522 1305 1586 poenam
1350 1502 1480 1563 nati
1524 1500 1603 1564 de
1640 1521 1840 1565 morte
1879 1502 2140 1565 datura.

686 1620 810 1681 Hic
850 1621 1040 1682 etiam
1084 1618 1279 1682 viridi
1321 1619 1613 1682 ludentes
1649 1623 1842 1683 Panes
1883 1624 1949 1685 in
1991 1618 2226 1697 herba,

688 1736 769 1799 Et
814 1740 1063 1825 Satyri,
1108 1736 1527 1827 Dryadesque
1565 1738 1792 1803 choros
1833 1761 2020 1831 egere
2063 1740 2347 1827 puellae,

686 1856 1001 1919 Naiadum
1042 1874 1103 1919 et
1146 1878 1394 1921 coetus.
1435 1862 1708 1921 Tantum
1751 1882 1872 1923 non
1915 1856 2208 1945 Orpheus
2249 1859 2526 1925 Hebrum

689 1976 1055 2039 Restantem
1096 1980 1301 2039 tenuit
1344 1980 1501 2064 ripis
1540 1979 1860 2066 silvasque
1903 1977 2219 2055 canendo,

688 2098 1006 2173 Quantum
1048 2113 1111 2157 te
1150 2100 1377 2183 pernix
1420 2118 1862 2175 remorantem,
1901 2096 2083 2175 diva,
2123 2094 2382 2176 chorea,

690 2214 903 2277 Multa
940 2211 1062 2277 tibi
1103 2216 1275 2278 laeto
1312 2213 1648 2281 fundentes
1688 2214 1925 2307 gaudia
1964 2215 2187 2278 vultu.

688 2336 833 2419 Ipsa
872 2333 997 2399 loci
1040 2354 1267 2399 natura
1304 2336 1553 2400 domum
1592 2356 1918 2400 resonante
1957 2357 2211 2399 susurro

688 2456 805 2515 His
845 2452 1069 2531 dabat,
1110 2472 1172 2517 et
1215 2454 1390 2519 dulci
1430 2452 1620 2519 fessas
1661 2452 1989 2520 refovebat
2027 2457 2092 2517 in
2133 2452 2381 2517 umbra.

688 2576 845 2636 Nam
891 2576 1160 2661 primum
1202 2597 1399 2662 prona
1441 2574 1785 2666 surgebant
1823 2572 1990 2638 valle
2033 2589 2322 2660 patentes

693 2696 918 2756 Aeriae
959 2695 1285 2781 platanus3
1325 2699 1494 2759 inter
1534 2717 1695 2784 quas
1733 2675 2176 2779 impia'lotos,

690 2816 924 2899 Impia,
962 2835 1127 2901 quae
1166 2816 1367 2877 socios
1406 2812 1619 2878 Ithaci
1662 2813 1994 2875 maerentis
2032 2811 2282 2902 abegit,

692 2935 962 3018 Hospita
998 2931 1145 2995 dum
1187 2935 1383 2995 nimia
1423 2935 1631 2996 tenuit
1670 2930 2010 2996 dulcedine
2043 2951 2312 3018 captos..

691 3055 813 3128 At,
851 3050 1085 3138 quibus
1126 3053 1365 3140 insigni
1402 3073 1591 3115 curru
1628 3054 1953 3139 proiectus
1990 3073 2292 3138 equorum

686 3168 1033 3232 Ambustus
1076 3167 1401 3233 Phaethon
1443 3171 1623 3234 luctu
1665 3189 2020 3234 mutaverat
2061 3189 2267 3248 artus,

692 3288 989 3353 Heliades
1027 3291 1268 3352 teneris
1308 3289 1623 3374 implexae
1663 3287 1927 3354 brachia
1967 3293 2209 3353 truncis

688 3407 978 3471 Candida
1016 3406 1373 3493 pandebant
1417 3407 1607 3471 lentis
1644 3409 1960 3474 velamina
2001 3411 2222 3471 ramis.

684 3531 1041 3604 Posterius,
1078 3527 1187 3589 cui
1228 3526 1635 3614 Demophoon
1673 3545 1924 3592 aeterna
1964 3527 2232 3614 reliquit

690 3643 997 3710 Perfidiae
1034 3645 1341 3722 lamenta,
1382 3646 1545 3711 dolis
1584 3669 1754 3733 quae
1792 3643 1970 3709 flevit
2010 3644 2266 3708 inultis:

636 3761 925 3853 (Perfide
967 3761 1417 3850 Demophoon,
1462 3764 1730 3828 multum
1769 3759 2052 3826 deflende
2086 3756 2397 3848 puellisi)

683 3887 882 3962 Quam
919 3883 1417 3960 comitabantur,
1458 3879 1686 3947 fatalia
1728 3887 2038 3958 carmina,
2078 3901 2387 3967 quereus,

685 4005 970 4084 Querens
1005 4020 1154 4066 ante
1193 4003 1419 4082 datae,
1463 4005 1710 4066 Cereris
1751 4023 1938 4090 quam
1981 4002 2250 4078 semina,
2293 4003 2490 4066 vitae:
