3400 5175
1008 616 1161 703 104
1656 620 1732 673 P.
1811 602 2360 673 vrnornrr’
2589 590 2747 694 243

1098 758 1222 820 Hic
1260 755 1437 817 annis
1472 754 1687 842 gravis
1727 768 1922 838 atque
1967 751 2157 811 animi
2199 765 2484 810 maturus
2527 748 2779 809 Aletes:
2839 772 2850 781 ·

1098 876 1182 938 Di
1226 875 1457 961 patrii,
1499 890 1768 958 quorum
1812 892 2052 955 semper
2097 867 2216 931 sub
2258 870 2511 931 numine
2554 870 2740 929 Troia
2783 888 2915 944 est,

1098 999 1241 1058 Non
1286 1013 1493 1055 tamen
1536 994 1790 1054 omnino
1831 994 2110 1051 Teucros
2151 986 2363 1049 delere
2407 990 2682 1075 paratis,

1094 1120 1299 1193 Quum
1343 1111 1498 1173 tales
1541 1112 1780 1173 animos
1821 1112 2154 1184 iuvenum,
2196 1126 2260 1170 et
2305 1108 2653 1169 tamicerta
2697 1106 2942 1167 tulistis

1097 1236 1363 1295 Pectora
1383 1274 1399 1291 .
1443 1232 1547 1293 Sic
1576 1250 1952 1305 memorans,
1989 1226 2285 1291 humeros
2313 1222 2700 1313 dextrasque
2729 1222 2986 1286 tenebat

1100 1348 1483 1425 Amborum,
1526 1366 1589 1411 et
1632 1349 1880 1411 vultum
1919 1347 2220 1435 lacrymis
2265 1366 2457 1432 atque
2499 1368 2606 1407 ora
2649 1344 2937 1433 rigabat:

1102 1475 1280 1549 Quae
1320 1467 1537 1544 vobiS,
1579 1491 1746 1555 quae
1785 1468 2020 1558 digna,
2063 1461 2220 1543 riri,
2261 1488 2376 1551 pro
2419 1463 2718 1529 laudibus
2757 1467 2924 1540 istis,

1100 1591 1383 1671 Praemia
1422 1610 1598 1673 posse
1643 1610 1782 1649 rear
1825 1581 2036 1649 solvi?
2079 1583 2510 1673 pulcherrima
2549 1590 2815 1671 primum⁴

1106 1708 1189 1770 Di
1234 1728 1557 1793 moresque
1597 1705 1844 1769 dabunt
1888 1708 2112 1770 vestri:
2159 1724 2292 1768 tum
2325 1725 2538 1769 cetera
2573 1704 2794 1770 reddet

1107 1834 1417 1889 Actutum
1462 1829 1604 1912 pius
1649 1831 1922 1902 AeneaS,
1964 1846 2159 1913 atque
2201 1828 2449 1915 integer
2489 1830 2630 1887 aevi

1105 1948 1449 2021 AscaniuS,
1492 1948 1701 2009 meriti
1743 1948 1904 2007 tanti
1949 1969 2068 2007 non
2111 1950 2432 2008 immemor
2473 1968 2798 2031 umquam.

1106 2069 1305 2129 Immo
1342 2086 1463 2155 ego
1506 2086 1649 2141 vos,
1690 2068 1800 2129 cui
1842 2066 1974 2127 sola
2012 2066 2182 2129 salus
2225 2067 2516 2155 genitore
2559 2063 2858 2141 reductu,

1108 2188 1371 2270 Excipit
1418 2186 1756 2261 Ascanius,
1797 2208 1906 2269 per
1946 2208 2238 2273 magnos,
2281 2186 2471 2261 Nise,
2515 2188 2812 2261 PenateS,

1106 2306 1534 2391 Assaracique
1581 2308 1826 2380 Larem,
1869 2324 1932 2365 et
1974 2326 2172 2369 canae
2207 2303 2560 2389 penetralia
2597 2308 2860 2380 Vestae,

1114 2426 1437 2489 obtestor:
1482 2445 1924 2511 quaecumque
1969 2423 2121 2487 mihi
2160 2421 2416 2487 fortuna
2457 2423 2732 2511 fidesque
2771 2442 2897 2499 est,

1112 2546 1187 2607 In
1231 2545 1458 2606 vestris
1495 2564 1658 2630 pono
1695 2544 1985 2632 gremiis:
2035 2564 2330 2608 revocate
2373 2562 2733 2630 parentem;

1116 2663 1390 2728 Reddite
1432 2681 1873 2750 conspectum:
1923 2662 2089 2728 nihil
2132 2665 2246 2728 illo
2288 2669 2468 2728 triste
2507 2685 2801 2751 recepte.

1113 2787 1269 2846 Bina
1311 2780 1473 2845 dabo
1516 2803 1782 2872 argento
1819 2781 2104 2869 perfecta
2143 2805 2339 2872 atque
2381 2808 2604 2872 aspera
2641 2787 2838 2874 siguis

1114 2903 1382 2978 Pocula,
1422 2901 1679 2964 devicta
1723 2905 1971 2991 genitor
2011 2927 2178 2990 quae
2221 2908 2390 2992 cepit
2435 2906 2694 2980 Arisba3

1118 3025 1197 3080 Et
1241 3021 1525 3105 tripodas
1564 3024 1878 3110 geminOS‚
1921 3027 2059 3085 auri
2099 3023 2226 3088 duo
2267 3049 2492 3115 magna
2527 3025 2802 3104 talenta,

1110 3143 1369 3201 Cratera
1414 3143 1784 3226 antiquum,
1824 3165 2014 3228 quem
2058 3142 2170 3206 dat
2211 3145 2474 3208 Sidonia
2513 3145 2716 3208 Dido.

1114 3261 1182 3320 Si
1227 3280 1375 3320 vero
1414 3281 1639 3344 capere
1682 3261 1978 3339 Italiam,
2013 3267 2412 3352 sceptrisque
2453 3267 2648 3350 potiri

1110 3380 1475 3466 Contigerit
1515 3381 1782 3456 victori,
1825 3401 1888 3442 et
1933 3382 2207 3466 praedae
2247 3382 2477 3445 ducere
2516 3401 2783 3462 sortem3

1112 3495 1419 3573 Vidistis,
1460 3520 1590 3586 quo
1634 3503 1886 3562 Turnus
1923 3523 2120 3588 equo,
2162 3501 2399 3590 quibus
2440 3501 2574 3568 ibat
2615 3507 2682 3566 in
2717 3507 2904 3567 armis

1111 3621 1398 3680 Aureus:
1443 3620 1645 3704 ipsum
1692 3620 1908 3698 illum,
1952 3623 2264 3709 clipeum,
2301 3626 2656 3711 cristasque
2698 3622 2990 3687 rubentes

1113 3739 1451 3824 Excipiam
1494 3744 1690 3816 sorti,
1733 3743 1856 3803 iam
1901 3765 2064 3806 nunc
2109 3763 2218 3806 tua
2259 3748 2568 3830 praemia,
2608 3749 2792 3807 Nise.

1042 3880 1049 3896 ¹
1110 3859 1454 3922 Praeterea
1490 3859 1591 3923 bis
1632 3885 1738 3924 sex
1785 3865 2040 3950 genitor
2083 3862 2428 3928 lectissima
2467 3883 2732 3927 matrum

1112 3979 1427 4066 Corpora,
1470 3983 1894 4070 captivosque
1937 3981 2158 4062 dabit,
2199 4007 2438 4072 suaque
2479 3985 2770 4048 omnibus
2805 4005 2998 4048 arma:
