3400 5175
1113 606 1214 685 66
1335 628 1410 683 Ρ.
1471 625 1847 683 vntolm
1911 622 2295 677 ΑΕΝΕῙῙ).
2354 598 2528 676 mn'.
2593 623 2763 678 vn.
2891 600 3063 680 802

1313 764 1445 824 Hos
1479 780 1672 845 super
1718 757 1981 822 advenit
2022 756 2253 821 Volsca
2294 754 2371 819 de
2413 775 2605 845 gente
2645 758 2965 837 camilla,

1217 886 1462 971 Agmen
1506 900 1701 968 agens
1740 881 2033 965 equitum
2056 924 2075 955 ,
2112 894 2176 939 et
2214 872 2510 939 florentes
2545 899 2689 939 aere
2726 896 3067 959 catervas,

1223 996 1574 1061 Bellatrix:
1619 1015 1742 1057 nou
1786 992 1905 1057 illa
1944 993 2084 1057 colo
2121 993 2481 1059 calathisve
2525 1000 2859 1062 Minervae

1225 1117 1553 1180 Femineas
1589 1111 1853 1176 adsueta
1890 1134 2148 1189 manus,
2192 1113 2303 1178 sed
2348 1115 2593 1202 proelia
2636 1120 2819 1206 virgo

1227 1238 1405 1299 Dura
1447 1235 1620 1322 pati,
1661 1254 1987 1321 cursuque
2032 1231 2262 1319 pedum
2304 1254 2707 1320 praevertere
2750 1254 3017 1301 ventos.

1231 1357 1362 1421 Illa
1399 1354 1503 1419 vel
1549 1358 1837 1417 intactae
1878 1356 2115 1442 segetis
2156 1375 2268 1439 per
2306 1376 2547 1417 summa
2586 1352 2833 1417 volaret

1235 1478 1574 1553 Gramina,
1617 1494 1731 1537 uec
1774 1492 2025 1535 teneras
2066 1495 2253 1536 cursu
2294 1474 2581 1537 laesisset
2622 1477 2885 1552 aristas;

1236 1596 1357 1661 Vel
1397 1616 1568 1658 mare
1609 1615 1723 1681 per
1766 1592 2081 1671 medium,
2118 1590 2319 1657 fluctu
2356 1616 2651 1681 suspensa
2694 1598 3003 1673 tumenti,

1237 1720 1460 1781 Ferret
1501 1718 1658 1793 iter,
1698 1714 1939 1777 celeres
1986 1736 2099 1777 nec
2144 1715 2423 1803 tingeret
2470 1734 2741 1801 aequore
2784 1714 3071 1799 plantas.

1243 1834 1430 1897 Illam
1469 1836 1669 1896 omnis
1708 1836 1897 1896 tectis
1938 1836 2235 1921 agrisque
2270 1829 2473 1895 effusa
2510 1835 2839 1909 iuventus,

1246 1952 1593 2041 Turbaque
1635 1956 1897 2016 miratur
1940 1972 2239 2031 matrum,
2278 1969 2343 2016 et
2381 1970 2743 2039 prospectat
2786 1968 3043 2015 euntem

1244 2075 1566 2139 Attonitis
1607 2070 1861 2138 inhians
1904 2076 2161 2137 animis:
2208 2090 2276 2135 ut
2323 2074 2539 2162 regius
2580 2091 2755 2135 ostro

1241 2196 1430 2261 Velet
1477 2194 1676 2259 honos
1722 2196 1893 2259 leves
1937 2193 2269 2269 humeros,
2301 2208 2375 2255 ut
2417 2188 2614 2255 fibula
2655 2192 2893 2254 crinem

1246 2320 1424 2379 Auro
1469 2318 1898 2393 internectat3
1942 2316 2205 2403 Lyciam
2250 2331 2321 2375 ut
2356 2329 2532 2401 gerat
2558 2314 2701 2395 ipsa
2728 2310 3141 2397 pharetram,

1245 2439 1328 2502 Et
1369 2437 1759 2527 pastoralem
1798 2432 2079 2524 praefixa
2123 2432 2385 2521 cuspide
2430 2451 2741 2521 myrtum.
