3400 5175
957 692 1414 751 Anflmnos
1475 694 1648 747 ΜΒ.
1714 692 1841 748 vr.
1994 671 2141 747 103
2346 699 2395 772 7

523 828 764 912 Incipit
805 828 1045 888 Aeneas
1085 822 1302 887 heros:
1335 826 1478 887 Non
1521 826 1649 888 ulla
1689 824 2017 900 laborum,

527 950 580 1007 Ο
617 948 838 1035 virgo,
877 965 1038 1008 nova
1083 944 1168 1005 mi
1209 938 1406 1005 facies
1447 946 1785 1030 inopinave
1824 948 2062 1035 surgit.

525 1068 752 1129 Omnia
791 1066 1122 1150 praecepi,
1162 1080 1356 1150 atque
1402 1064 1611 1125 animo
1651 1085 1893 1128 mecum
1932 1081 2075 1127 ante
2115 1066 2367 1154 peregi.

526 1188 734 1247 Vnum
773 1202 922 1259 oro;
962 1181 1222 1269 quando
1263 1180 1372 1244 hic
1417 1179 1649 1246 inferni
1688 1186 1881 1247 ianua
1922 1186 2092 1273 regis

531 1306 814 1379 Dicitur,
859 1319 922 1364 et
963 1300 1295 1364 tenebrosa
1333 1302 1520 1387 palus
1556 1300 1919 1365 Acheronte
1961 1299 2207 1380 refuso;

531 1424 635 1484 Ire
673 1420 754 1484 ad
791 1438 1196 1505 conspectum
1240 1421 1376 1481 cari
1417 1423 1729 1507 genitoris
1768 1438 1831 1483 et
1871 1443 1980 1485 ora

533 1542 910 1629 Contingat:
952 1536 1182 1600 doceas
1221 1540 1382 1613 iter,
1426 1554 1490 1601 et
1528 1560 1711 1601 sacra
1752 1540 1914 1601 ostia
1956 1537 2227 1624 pandas.

533 1657 722 1721 Illum
761 1679 884 1747 ego
925 1678 1034 1741 per
1073 1654 1380 1731 flammas,
1419 1675 1480 1718 et
1527 1657 1699 1719 mille
1738 1662 2073 1744 sequentia
2116 1660 2289 1737 tela,

535 1780 756 1863 Eripui
797 1776 898 1839 his
935 1774 1248 1852 humeris,
1291 1774 1628 1863 medioque
1667 1798 1745 1838 ex
1788 1774 1970 1839 hoste
2008 1781 2255 1864 recepi:

532 1895 654 1958 Ille
691 1917 894 1959 meum
933 1898 1274 1959 comitatus
1313 1898 1472 1971 iter,
1515 1896 1715 1957 maria
1754 1898 1963 1959 omnia
2002 1919 2279 1975 mecum,

533 2018 750 2102 Atque
783 2036 994 2077 omnes
1031 2014 1375 2103 pelagique
1417 2012 1610 2074 minas
1639 2012 1938 2099 caelique
1972 2008 2221 2077 ferebat

539 2132 908 2211 Invalidns,
951 2136 1116 2199 vires
1157 2134 1330 2197 ultra
1369 2151 1731 2222 sortemque
1768 2151 2089 2199 senectae.

537 2256 736 2334 Quin,
779 2273 851 2316 ut
893 2270 956 2315 te
991 2251 1262 2340 supplex
1303 2272 1622 2339 peterem,
1659 2271 1723 2315 et
1755 2270 1867 2317 tua
1898 2252 2119 2317 limina
2144 2252 2415 2330 adirem,

537 2370 716 2433 Idem
755 2393 944 2435 orans
981 2370 1274 2435 mandata
1313 2371 1546 2436 dabat.
1585 2375 1869 2460 Natique
1910 2377 2277 2461 patrisque,

533 2489 752 2567 Alma,
785 2512 1042 2576 precor,
1073 2494 1398 2554 miserere:
1441 2508 1622 2578 potes
1657 2514 1925 2578 namque
1960 2496 2149 2555 omni:
2182 2512 2295 2553 nec
2322 2510 2387 2553 te

541 2609 992 2698 Nequidquam
1033 2611 1196 2676 lucis
1237 2613 1480 2672 Hecate
1523 2607 1841 2696 praefecit
1886 2613 2186 2674 Avernis.

541 2729 608 2790 Si
649 2731 860 2814 potuit
899 2733 1120 2794 Manes
1159 2748 1473 2792 arcessere
1511 2729 1806 2815 coniugis
1853 2723 2185 2812 Orpheus,

544 2845 844 2911 Threicia
885 2843 1088 2910 fretus
1121 2844 1374 2912 cithara
1411 2843 1775 2932 fidibusque
1817 2847 2099 2908 canoris:

546 2968 612 3028 Si
651 2961 906 3032 fratrem
948 2965 1178 3030 Pollux
1217 2964 1464 3029 alterna
1507 2981 1705 3027 morte
1746 2961 2052 3040 redemit,

545 3085 734 3169 Itque
773 3083 1070 3170 reditque
1109 3087 1276 3148 viam
1319 3087 1542 3148 toties:
1585 3085 1744 3172 quid
1782 3081 2059 3161 Thesea,
2097 3105 2393 3172 magnum

547 3199 714 3279 Quid
749 3225 1080 3266 memorem
1104 3197 1422 3267 Alciden?
1449 3221 1514 3265 et
1553 3203 1634 3263 mi
1657 3223 1857 3290 genus
1882 3200 1963 3264 ab
1990 3205 2141 3266 Iove
2172 3225 2439 3267 summo.

643 3319 907 3384 Talibus
945 3319 1172 3385 orabat
1211 3321 1445 3400 dictis,
1484 3342 1749 3406 arasque
1790 3319 2077 3399 tenebat;

547 3440 748 3515 Quum
793 3441 884 3502 sic
927 3460 1068 3502 orsa
1107 3439 1290 3529 loqui
1333 3457 1544 3506 vates:
1584 3442 1735 3501 Sate
1773 3443 2081 3529 sauguine
2122 3437 2373 3517 divum,

549 3553 712 3617 Tros
753 3553 1180 3634 Anchisiada,
1223 3554 1433 3623 facilis
1471 3559 1803 3623 descensus
1844 3565 2127 3624 Averno:

547 3669 784 3733 Noctes
816 3689 1010 3758 atque
1053 3671 1189 3736 dies
1235 3693 1410 3760 patet
1455 3681 1578 3741 atri
1625 3681 1815 3742 ianua
1856 3683 2061 3742 Ditis.

552 3784 672 3849 Sed
711 3809 1010 3854 revocare
1048 3790 1346 3878 gradum,
1387 3818 1775 3886 superasque
1816 3796 2083 3860 evadere
2112 3793 2191 3858 ad
2234 3817 2445 3874 auras,

553 3902 692 3970 Hoc
733 3929 922 3992 opus,
965 3907 1072 3972 hic
1101 3910 1288 3976 labor
1324 3932 1450 3976 est.
1491 3919 1725 3993 Pauci,
1754 3936 1915 4002 quos
1941 3935 2179 4000 aequus
2203 3921 2441 3981 amavit

551 4025 885 4110 Iuppiter,
928 4045 1036 4091 aut
1081 4029 1306 4092 ardens
1347 4037 1566 4094 evexit
1611 4034 1684 4098 ad
1732 4029 1988 4097 aethera
2032 4036 2275 4113 virtus,

923 4259 962 4274 Ν
