3400 5175
934 548 1085 627 186
1557 564 1630 621 ι’.
1713 564 2254 622 v1Ro1L11
2352 632 2358 636 -
2501 487 2712 647 747⁴

1019 708 1207 765 Arma
1243 702 1577 787 virumque
1615 695 1850 775 ferens;
1895 716 2030 760 tum
2067 718 2308 759 summa
2347 696 2548 781 ipsius
2587 694 2670 760 ab
2711 692 2894 761 hasta

1020 817 1344 909 Defringit
1388 815 1651 895 ferrum,
1688 834 1754 881 et
1797 834 2007 904 partes
2049 817 2322 880 rimatur
2361 835 2647 902 apertas,

1020 943 1155 1017 Qua
1190 937 1423 1001 vulnus
1467 936 1661 1001 letale
1701 932 1899 1000 ferat:
1945 952 2166 998 contra
2209 933 2320 997 ille
2356 955 2716 1023 repugnans

1022 1060 1305 1120 Sustinet
1346 1076 1383 1117 a
1424 1054 1651 1144 iugulo
1686 1053 2008 1131 dextram,
2057 1071 2122 1116 et
2161 1056 2288 1117 vim
2327 1053 2576 1118 viribus
2617 1057 2752 1119 exit
2777 1100 2794 1118 .

1020 1182 1234 1264 thue
1275 1174 1495 1238 volans
1530 1174 1659 1237 alte
1702 1190 1954 1260 raptum
1993 1194 2188 1259 quum
2229 1169 2411 1235 fulva
2443 1171 2774 1239 draconem

1019 1298 1165 1357 Fert
1195 1294 1435 1382 aquila,
1466 1291 1922 1381 implicuitque
1948 1290 2161 1378 pedes,
2195 1311 2392 1379 atque
2419 1293 2742 1383 unguibus
2765 1294 3006 1364 haesit:

1020 1416 1284 1477 Saucius
1326 1431 1682 1499 atserpens
1723 1415 1980 1477 sinuosa
2018 1410 2342 1474 volumina
2383 1431 2628 1491 versat,

1024 1530 1445 1619 Adre'ctisque
1486 1530 1701 1596 horret
1747 1532 2056 1618 squamis,
2091 1546 2158 1595 et
2197 1528 2419 1594 sibilat
2461 1552 2606 1609 ore,

1026 1650 1279 1716 Arduus
1320 1654 1687 1742 insurgens:
1729 1650 1846 1713 illa
1887 1647 2057 1713 haud
2097 1652 2300 1713 minus
2335 1668 2522 1738 urget
2565 1648 2813 1715 obunco

1026 1770 1397 1831 Luctantem
1443 1789 1683 1847 rostro;
1727 1768 1916 1833 simul
1953 1764 2216 1832 aethera
2252 1767 2547 1833 verberat
2589 1768 2738 1833 alis:

1024 1883 1213 1948 Haud
1254 1885 1444 1948 aliter
1479 1884 1773 1970 praedam
1813 1886 2148 1951 Tiburtum
2189 1910 2269 1950 ex
2311 1892 2560 1978 agmine
2603 1885 2851 1951 Tarcho

1022 2006 1235 2067 Portat
1276 2025 1511 2070 ovans.
1551 2006 1749 2068 Ducis
1791 2003 2148 2091 exemplum
2191 2024 2618 2093 eventumque
2637 2008 2906 2094 sequuti

1026 2120 1401 2187 Maeonidae
1439 2125 1775 2187 incurrunt
1799 2164 1818 2184 .
1870 2126 2034 2187 Tum
2078 2120 2230 2188 fatis
2271 2123 2528 2189 debitus
2567 2130 2807 2190 Arruns

1030 2240 1323 2305 Velocem
1368 2240 1579 2305 iaculo
1620 2258 1683 2304 et
1728 2240 1931 2306 multa
1971 2246 2150 2329 prior
2181 2260 2317 2307 arte
2355 2244 2690 2307 Camillam

1023 2362 1306 2437 Cirduit,
1350 2378 1451 2435 et,
1492 2383 1663 2448 quae
1704 2364 1788 2423 sit
1829 2357 2088 2425 fortuna
2129 2359 2477 2439 facillima,
2519 2380 2768 2426 tentat.

1022 2480 1161 2556 Qua
1201 2500 1267 2541 se
1308 2501 1579 2566 cumque
1617 2475 1831 2543 furens
1877 2477 2082 2543 medio
2121 2480 2274 2543 tulit
2319 2484 2568 2571 agmine
2604 2484 2788 2571 virgo
2815 2528 2832 2558 ,

1020 2599 1156 2660 Hac
1198 2599 1437 2660 Arruns
1478 2597 1691 2674 subit,
1732 2617 1798 2661 et
1837 2601 2074 2664 tacitus
2111 2600 2389 2688 vestigia
2427 2599 2686 2663 lustrat:

1022 2719 1159 2796 Qua
1198 2719 1437 2782 victrix
1481 2716 1647 2782 redit
1685 2716 1834 2794 illa,
1876 2717 2228 2807 pedemque
2264 2737 2344 2782 ex
2373 2715 2554 2782 hoste
2591 2735 2899 2805 reportat,

1026 2839 1159 2899 Hac
1201 2839 1447 2900 iuvenis
1487 2833 1712 2900 furtim
1751 2837 1986 2900 celeres
2023 2837 2368 2926 detorquet
2409 2835 2720 2904 habenas.

1022 2959 1153 3017 Hos
1190 2955 1435 3030 aditus,
1475 2958 1736 3044 iamque
1773 2954 1888 3020 hos
1925 2956 2170 3035 aditus,
2213 2979 2586 3045 omnemque
2614 2974 2904 3043 pererrat

1024 3069 1325 3160 Vndique
1358 3075 1736 3152 circuitum;
1774 3095 1837 3138 et
1866 3095 2098 3140 certam
2125 3080 2340 3164 quatit
2371 3075 2693 3162 improbus
2721 3071 2970 3138 hastam
2989 3117 3008 3134 .

1029 3193 1219 3254 Forte
1260 3214 1438 3256 sacer
1477 3193 1762 3282 Cybelae
1801 3192 2154 3272 Chloreus,
2191 3195 2476 3282 olimque
2515 3190 2840 3270 sacerdos,

1024 3313 1303 3400 Insignis
1343 3310 1535 3402 longe
1578 3309 1884 3403 Phrygiis
1927 3309 2225 3402 fulgebat
2267 3315 2332 3376 in
2373 3315 2594 3388 armis,

1026 3434 1569 3518 Spumantemque
1612 3431 1907 3521 agitabat
1949 3455 2216 3522 equum:
2259 3455 2446 3520 quem
2479 3431 2666 3518 pellis
2699 3427 2919 3492 ‘ahenis

1024 3551 1100 3612 In
1143 3547 1419 3636 plumam
1462 3555 1744 3637 squamis
1787 3574 1940 3615 auro
1983 3571 2276 3617 conserta
2315 3551 2614 3642 tegebat.

1025 3671 1205 3756 Ipse,
1249 3671 1586 3760 peregrina
1624 3667 1950 3759 ferrugine
1991 3670 2204 3734 clarus
2243 3687 2308 3732 et
2351 3687 2557 3746 ostro,

1025 3787 1289 3874 Spicula
1328 3787 1675 3876 torquebat
1717 3789 1920 3876 Lycio
1964 3791 2280 3876 Gortynia
2316 3807 2553 3852 cornu:

1025 3911 1273 3974 Aureus
1314 3931 1391 3975 ex
1432 3907 1716 3974 humeris
1751 3927 1930 3972 sonat
1975 3927 2194 3987 arcas,
2237 3919 2300 3970 et
2342 3924 2536 3969 aurea
2580 3900 2716 3965 vati
