3400 5175
1040 696 1765 751 CATALEGTA.
2227 698 2386 774 277

516 834 843 919 Namque,
888 826 1140 893 fatebor
1176 832 1375 905 enim,
1417 850 1578 914 quae
1620 829 1892 889 maxima
1929 824 2295 893 deterrendi

612 950 881 1025 Debuit,
925 947 1217 1010 hortandi
1260 950 1534 1011 maxima
1573 968 1796 1009 caussa
1839 941 2002 1008 fuit.

516 1074 725 1132 Pauca
764 1087 873 1129 tua
912 1070 979 1130 in
1020 1084 1263 1129 nostras
1302 1083 1612 1129 venerunt
1651 1068 1927 1129 carmina
1967 1065 2252 1147 chartas,

614 1191 934 1262 Carmina,
972 1208 1165 1273 quum
1206 1172 1463 1274 lingua,
1503 1201 1633 1245 tum
1674 1183 1803 1245 sale
1829 1230 1847 1259 ,
1881 1187 2228 1271 Cecropia;

517 1310 813 1369 Carmina
850 1327 1017 1393 quae
1060 1302 1447 1393 Phrygium,
1486 1303 1710 1365 saeclis
1753 1324 2018 1390 accepta
2061 1303 2328 1387 futuriS,

611 1429 905 1488 Carmina
945 1446 1109 1511 quae
1152 1424 1406 1511 Pylium
1446 1426 1706 1485 vincere
1744 1421 1936 1513 digna
1975 1448 2215 1490 senem.

517 1546 805 1608 Molliter
844 1544 950 1605 hle
988 1542 1185 1607 viridi
1227 1540 1485 1626 patulae
1525 1540 1643 1603 sub
1684 1544 1960 1629 tegmine
1997 1566 2272 1630 quercus

613 1664 850 1726 Moeris
890 1679 1169 1747 pastores
1208 1679 1271 1723 et
1316 1659 1669 1723 Meliboeus
1709 1678 1922 1739 erant;

518 1782 747 1845 Dulcia
788 1786 1095 1845 iactantes
1131 1781 1373 1843 alterno
1411 1782 1691 1841 carmina
1727 1794 1914 1842 'versu
1937 1825 1958 1857 ,

616 1901 851 1981 Qualia
893 1902 1225 1963 Trinacria
1266 1897 1493 1962 doctus
1534 1916 1701 1960 amat
1741 1901 2026 1967 iuvenis.

521 2022 825 2081 Certatim
870 2018 1180 2081 ornabant
1218 2038 1428 2080 omnes
1467 2014 1733 2081 hero'ida
1768 2018 1941 2095 divi,
1997 2026 2002 2037 ¹

610 2141 917 2201 Certatim
962 2137 1147 2200 divae
1189 2158 1441 2199 munere
1488 2158 1782 2223 quaeque
1821 2160 1970 2201 suo·

517 2257 791 2321 Felicem
834 2275 979 2318 ante
1016 2255 1173 2317 alias
1214 2274 1391 2318 tanto
1432 2260 1742 2342 scriptore
1784 2258 2092 2343 puellam:

615 2375 1013 2437 Altera-nam
1060 2370 1227 2435 fama
1266 2374 1374 2435 vix
1420 2380 1543 2437 erit
1583 2394 1760 2436 estve
1799 2378 2002 2460 prior.

515 2496 655 2557 Non
702 2492 849 2568 illa,
894 2490 1310 2576 Hesperidum
1348 2496 1413 2556 ni
1456 2514 1718 2557 munere
1756 2514 1943 2578 capta
1982 2491 2240 2575 fuisset,

614 2619 792 2693 Quae
827 2612 1151 2676 volucrem
1193 2634 1379 2674 cursu
1422 2616 1667 2676 vicerat
1712 2616 2186 2700 Hippomenen3

516 2731 800 2794 Candida
841 2753 1087 2820 cycneo
1126 2753 1245 2793 non
1283 2731 1457 2794 edita
1495 2729 1812 2818 Tyndaris
1847 2753 2006 2808 ove,

616 2853 757 2913 Non
800 2872 1025 2936 supero
1064 2848 1315 2940 fulgens
1355 2853 1691 2934 Cassiopea
1739 2849 1922 2933 polo;

522 2972 662 3032 Non
704 2966 961 3032 defensa
1002 2969 1113 3032 din
1154 2969 1484 3033 volucrum
1526 2973 1870 3032 certamine
1911 2991 2251 3058 equorum,

614 3087 935 3174 Optabant
980 3091 1213 3150 Graiae
1254 3111 1443 3176 quam
1486 3087 1609 3151 sibi
1648 3111 1946 3176 quaeque
1987 3112 2234 3155 manus:

520 3209 723 3292 Saepe
764 3209 1027 3268 animam
1071 3210 1291 3296 generi
1334 3229 1445 3293 pro
1485 3227 1615 3293 qua
1660 3226 1846 3292 pater
1885 3213 2116 3294 impius
2157 3209 2395 3292 hausit3

614 3329 813 3411 Saepe
856 3323 1047 3388 rubro
1090 3327 1260 3389 Eleis
1300 3328 1605 3416 sanguine
1651 3322 1838 3388 fluxit
1881 3323 2136 3391 humus:

520 3445 725 3532 Regia
772 3465 891 3506 non
935 3444 1208 3520 Semele,
1254 3467 1375 3508 non
1416 3443 1670 3508 Inachis
1719 3449 2081 3522 Aethione,

618 3565 883 3624 Itnmitti
925 3584 1229 3648 expertae
1270 3560 1539 3626 fulmine
1574 3584 1639 3628 et
1682 3563 1882 3628 imbre
1925 3569 2171 3630 Iovem:

518 3683 715 3743 Cuius
754 3699 817 3742 et
861 3679 943 3745 ob
983 3701 1233 3767 raptum
1274 3681 1437 3766 pulsi
1477 3684 1730 3772 liquere
1773 3703 2032 3768 penates

618 3801 963 3886 Tarquinii
1006 3803 1281 3886 patrios,
1324 3799 1491 3866 filius
1536 3823 1734 3891 atque
1775 3823 1986 3888 pater,

522 3916 683 3992 Ille,
726 3941 853 4003 quo
896 3922 1161 4004 primum
1206 3919 1567 3986 dominatus
1612 3926 1806 3984 Roma
1843 3920 2152 4008 superbos

622 4039 905 4101 Mutavit
948 4038 1220 4125 placidis
1258 4058 1536 4130 tempore
1580 4039 1994 4121 Consulibus;
