3400 5175
884 612 1367 691 'Auunmos
1434 636 1827 689 L113.x11.
1925 632 2088 719 440
2212 646 2368 721 209

401 828 407 835 ,
495 770 580 829 Et
622 782 805 851 pater
850 768 1114 841 Aeneas,
1158 782 1219 827 et
1259 766 1609 829 avunculus
1647 772 1886 831 excitet
1932 758 2197 835 Hector..

549 910 553 913 ·
600 890 767 975 Haec
810 884 919 949 ubi
962 884 1391 961 dicta-dedit,
1431 888 1631 971 portis
1672 908 1805 948 sese
1846 889 2084 952 extulit
2125 894 2374 979 ingenffl,
2501 892 2516 911 ²
2568 930 2574 939 ·

500 1004 723 1067 Telum
766 1006 1034 1065 immane
1076 1025 1253 1064 manu
1293 1006 1624 1089 quatiens:
1666 1006 1855 1068 simul
1897 1010 2143 1095 agmine
2183 1000 2404 1071 denso'

498 1106 921 1207 Antheusque
964 1118 1457 1219 Mnestheusque
1494 1141 1722 1198 ruunt;
1765 1126 2092 1211 omnisque
2133 1127 2380 1191 relictis

504 1236 722 1301 Turba
762 1236 901 1300 fluit
938 1214 1185 1301 castris.
1240 1240 1400 1299 Turn
1440 1260 1629 1301 caeco
1670 1240 1934 1325 pulvere
1968 1264 2224 1327 campus

506 1360 857 1432 Miscetur,
896 1356 1213 1443 pulsuque
1255 1356 1481 1442 pedum
1528 1360 1740 1419 tremit
1783 1360 1996 1419 excita
2037 1360 2259 1423 tellus.
2335 1342 2376 1357 ⁰

506 1472 689 1536 vidit
730 1473 811 1537 ab
851 1472 1113 1537 adverso
1154 1478 1477 1569 venientes
1518 1497 1752 1565 aggere
1793 1480 2078 1553 Turnus,
2291 1452 2302 1458 ι

505 1591 743 1655 'Videre
788 1594 1085 1667 Ausonii,
1129 1592 1511 1681 gelidusque
1553 1615 1663 1677 per
1705 1596 1828 1685 ima
1865 1598 2152 1659 cucurrit

510 1713 661 1771 Ossa
700 1713 963 1772 tremor.
1015 1712 1219 1775 Prima
1258 1728 1405 1773 ante
1445 1732 1654 1773 omnes
1698 1714 1964 1773 Iuturna
2005 1694 2259 1789 Latinos

512 1828 773 1905 Audiit,
812 1828 1245 1917 adgnovitque
1286 1850 1531 1905 sonum,
1569 1848 1631 1890 et
1675 1826 2046 1893 tremefacta
2088 1824 2358 1922 refugit.

514 1946 633 2009 Ille
675 1946 881 2023 volat,
918 1968 1268 2033 campoque
1308 1966 1511 2008 atrum
1554 1948 1724 2031 rapit
1765 1968 1988 2037 agmen
2017 1933 2276 2035 aperto.

518 2066 769 2144 Qualis,
806 2064 921 2127 ubi
958 2065 1037 2127 ad
1077 2084 1273 2126 terras
1315 2045 1587 2149 abrubto
1622 2062 1826 2127 sidere
1866 2064 2114 2130 nimbus

518 2188 579 2245 It
626 2206 791 2245 mare
834 2205 949 2269 per
986 2181 1291 2245 medium:
1335 2182 1605 2259 miseris,
1648 2178 1804 2245 heu!
1841 2188 2120 2269 praescia
2161 2185 2346 2275 longe

515 2306 908 2365 Horrescunt
944 2299 1133 2363 corda
1172 2292 1505 2388 agricolis:
1549 2298 1729 2363 dabit
1771 2300 1884 2364 ille
1919 2304 2133 2365 ruinas

516 2418 903 2498 Arboribus,
944 2439 1341 2508 stragemque
1375 2421 1567 2495 satis,
1612 2438 1752 2481 ruet
1793 2422 2003 2483 omnia
2044 2420 2202 2482 late:

520 2520 686 2603 Ante
727 2538 981 2614 volant,
1023 2542 1421 2625 sonitumque
1462 2534 1677 2600 ferunt
1719 2536 1798 2600 ad
1837 2535 2032 2600 litora
2069 2540 2279 2600 venti.

518 2661 695 2722 Talis
740 2660 804 2720 in
844 2657 1132 2721 adversos
1167 2655 1395 2720 ductor
1436 2652 1790 2717 Rhoeteius
1831 2652 2041 2715 hostes

522 2785 765 2868 Agmen
808 2780 976 2866 agit:
1018 2775 1192 2840 densi
1234 2777 1455 2839 cuneis
1496 2795 1559 2834 se
1595 2776 1874 2860 quisque
1913 2775 2154 2832 coactis

518 2897 1009 2986 Adglomerant.
1039 2896 1212 2957 Ferit
1230 2915 1375 2956 ense
1393 2913 1643 2982 gravem
1676 2887 2114 2978 Thymbraeus
2141 2890 2398 2966 Osirim,

526 3014 897 3078 Archetium
934 3011 1331 3088 Mnestheus,
1354 3011 1695 3097 Epulonem
1725 3008 2064 3072 obtruncat
2090 3005 2394 3083 AchateS,

522 3129 945 3220 erntemque
986 3135 1189 3220 Gyas;
1231 3131 1403 3193 cadit
1444 3133 1580 3216 ipse
1620 3127 1993 3190 Tolumnius
2035 3149 2278 3218 augur,

528 3255 772 3314 Primus
808 3251 875 3312 in
910 3249 1203 3313 adversos
1240 3249 1437 3312 telum
1482 3251 1597 3334 qui
1639 3265 1906 3309 torserat
1947 3245 2192 3309 hostes.

528 3369 811 3432 Tollitur
852 3372 916 3431 in
955 3357 1197 3432 cae'lum
1244 3368 1516 3442 clamor,
1556 3369 1850 3452 versique
1890 3368 2166 3428 vicissim

526 3487 981 3550 Pulverulenta
1024 3484 1179 3594 fuga
1219 3485 1447 3548 Rutuli
1491 3485 1640 3556 dant
1682 3503 1862 3572 terga
1901 3506 2011 3570 per
2053 3503 2262 3572 agros:

529 3609 678 3690 Ipse
719 3625 923 3690 neque
967 3625 1217 3666 aversos
1232 3577 1559 3694 dignatur
1599 3621 1877 3665 sternere
1917 3604 2143 3676 morti;

530 3727 662 3786 Nec
704 3721 861 3808 pede
899 3743 1265 3812 congressos
1309 3743 1551 3807 aequo,
1594 3740 1706 3782 nec
1749 3718 1876 3781 tela
1917 3706 2188 3780 ferentes

532 3841 932 3926 Insequtitur
975 3840 1175 3902 solum
1220 3839 1411 3902 densa
1454 3845 1517 3901 in
1562 3838 1840 3927 caligine
1883 3837 2162 3897 Turnum

532 3959 823 4048 Vestigat
862 3959 1168 4036 lustrans,
1208 3959 1407 4022 solum
1448 3961 1513 4020 in
1555 3957 1900 4021 certamina
1939 3955 2181 4042 poscit.

2095 4055 2160 4101 ⁸4
