3400 5175
1004 492 1109 651 48
1657 571 1726 622 P.
1810 567 2336 622 v1no1L11
2600 570 2760 648 299

1099 707 1268 787 Quin
1309 707 1498 767 etiam
1539 705 1750 789 patria
1791 721 2087 764 excussos
2124 694 2353 761 infesta
2394 721 2505 785 per
2548 699 2747 764 undas

1097 832 1272 889 Ausa
1311 828 1531 913 sequi,
1579 843 1639 886 et
1690 817 1975 911 profugis
2016 839 2156 883 toto
2198 842 2294 882 me
2334 842 2657 907 opponere
2700 840 2933 907 ponto.

1101 943 1446 1007 Absumtae
1491 945 1554 1005 in
1593 946 1873 1005 Teucros
1917 944 2085 1003 vires
2121 941 2411 1027 caelique
2450 944 2763 1029 marisque
2788 986 2805 1002 .

1097 1063 1264 1143 Quid
1297 1068 1552 1150 Syrtes,
1583 1078 1692 1123 aut
1727 1061 1948 1149 Scylla
1993 1058 2184 1137 mihi,
2218 1058 2379 1145 quid
2412 1078 2593 1121 vasta
2628 1057 3003 1147 Charybdis

1098 1174 1402 1244 Profuit?
1442 1198 1670 1267 optato
1709 1178 2076 1244 conduntur
2119 1178 2474 1267 Thybridis
2514 1178 2733 1254 alveo,

1099 1304 1318 1364 Securi
1361 1277 1813 1389 pelagi'atque
1854 1303 2003 1361 mei.
2054 1302 2223 1361 Mars
2270 1296 2534 1385 perdere
2578 1315 2830 1387 gentem

1099 1424 1436 1483 Immanem
1482 1416 1818 1506 Lapithum
1865 1420 2103 1481 valuit:
2148 1423 2459 1482 concessit
2501 1422 2563 1482 in
2609 1421 2732 1481 iras

1101 1544 1246 1626 Ipse
1289 1537 1468 1605 defim
1515 1543 1852 1627 antiquam
1898 1541 2151 1627 genitor
2194 1537 2529 1626 Calydona
2574 1542 2850 1601 Dianae:

1098 1658 1278 1739 Quod
1300 1660 1503 1723 scelus
1524 1677 1634 1721 aut
1655 1656 1961 1742 Lapithas
1978 1666 2220 1720 tantum
2240 1704 2257 1731 ‚
2275 1676 2385 1719 aut
2398 1657 2731 1746 Calydona
2750 1676 3105 1721 merentem
3126 1653 3158 1717 ¹?

1100 1784 1216 1843 Ast
1261 1800 1381 1868 ego
1425 1800 1654 1867 magna
1696 1781 1869 1839 Iovis
1910 1780 2150 1840 coniux
2192 1778 2281 1840 nil
2328 1778 2616 1865 linquere
2655 1780 2939 1840 inausum

1102 1901 1280 1977 Quae
1321 1898 1502 1981 potui
1549 1892 1810 1973 infelix,
1854 1920 2019 1983 quae
2058 1915 2279 1959 memet
2326 1899 2389 1959 in
2432 1899 2640 1959 omnia
2679 1901 2880 1969 verti,

1105 2018 1343 2079 Vincor
1382 2014 1462 2077 ab
1504 2020 1750 2077 Aenea.
1793 2015 1973 2095 Quod
2016 2020 2068 2077 si
2116 2040 2249 2079 urea
2296 2019 2547 2079 numina
2591 2040 2711 2080 non
2755 2034 2903 2079 sunt

1104 2140 1444 2224 Magnasat
1461 2136 1533 2211 is3
1549 2133 1831 2197 dubitem
1848 2130 2016 2198 haud
2030 2136 2325 2223 equidem
2346 2135 2865 2223 implorarequod
2882 2158 3155 2225 usquam
3176 2162 3298 2204 est.

1100 2255 1393 2317 Flectere
1435 2258 1486 2317 si
1532 2278 1777 2345 nequeo
1818 2260 2127 2341 Superos,
2172 2255 2527 2319 Acheronta
2576 2256 2877 2319 movebo.

1104 2377 1245 2435 Non
1290 2372 1554 2435 dabitur
1597 2378 1838 2463 regnis,
1878 2393 2047 2454 estc,
2095 2375 2435 2462 prohibere
2474 2379 2756 2455 Latinis,

1107 2496 1320 2579 Atque
1366 2498 1624 2556 immota
1667 2512 1869 2557 manet
1912 2492 2063 2557 fatis
2104 2499 2367 2559 Lavinia
2410 2498 2679 2559 coniux:

1104 2617 1188 2676 At
1233 2609 1521 2691 trahere,
1566 2635 1761 2701 atque
1802 2637 2000 2710 ‚moras
2042 2619 2243 2680 tantis
2284 2617 2437 2680 licet
2478 2617 2706 2684 addere
2748 2615 2981 2695 rebus;

1101 2739 1188 2797 At
1233 2734 1385 2797 licet
1426 2734 1753 2798 amborum
1800 2714 2071 2822 §opulos
2112 2735 2489 2802 exscindere
2534 2760 2785 2826 regum.

1103 2859 1237 2917 Hac
1282 2879 1472 2944 gener
1515 2875 1715 2942 atque
1760 2875 1937 2920 socer
1977 2874 2202 2919 coeant
2248 2855 2533 2920 mercede
2574 2879 2857 2920 suorum.

1106 2979 1429 3063 Sanguine
1472 2978 1747 3037 Troiano
1790 2994 1853 3038 et
1903 2975 2151 3038 Rutulo
2196 2973 2539 3051 dotabere,
2584 2979 2807 3064 virg03

1107 3097 1186 3154 Et
1235 3093 1496 3154 Bellona
1543 3112 1755 3155 manet
1800 3111 1863 3156 te
1903 3093 2221 3179 pronuba.
2266 3099 2396 3159 Nec
2435 3090 2578 3159 face
2618 3113 2865 3158 tantum

1107 3214 1342 3272 Cisseis
1381 3233 1738 3300 praegnans
1776 3215 1953 3303 ignes
1992 3218 2181 3277 enixa
2228 3215 2519 3304 iugales3

1108 3333 1279 3408 Quin
1319 3328 1486 3392 idem
1531 3333 1764 3394 Veneri
1805 3353 2027 3417 partus
2066 3357 2245 3410 suus,
2290 3355 2349 3396 et
2398 3337 2575 3398 Paris
2612 3333 2807 3408 alter,

1109 3453 1556 3535 Funestaeque
1595 3453 1833 3514 iterum
1877 3453 2167 3518 recidiva
2208 3457 2273 3518 in
2315 3457 2614 3546 Pergama
2656 3451 2912 3516 taedae.

1207 3570 1380 3629 Haec
1419 3566 1533 3633 ubi
1574 3568 1751 3633 dicta
1792 3570 2006 3647 dedit,
2052 3589 2257 3637 terras
2300 3571 2615 3638 horrenda
2658 3574 2933 3659 petivit:

1107 3685 1484 3752 Luctificam
1527 3689 1781 3753 Allecto
1822 3691 2107 3754 dirarum
2148 3692 2231 3756 ab
2269 3692 2418 3756 sede
2454 3691 2719 3758 dearum

1107 3804 1516 3896 Infernisque
1557 3812 1693 3874 ciet.
1734 3810 2040 3874 tenebris:
2086 3816 2191 3876 cui
2238 3815 2449 3876 tristia
2490 3812 2693 3889 bella,

1110 3933 1416 4016 Iraeque,
1451 3929 1856 4018 insidiaque,
1898 3949 1962 3994 et
2005 3935 2269 3995 crimina
2312 3935 2505 3996 noxia
2548 3928 2762 3996 cordi.
