3400 5175
929 602 1392 659 Anumnos
1457 602 1632 657 ΜΒ.
1689 592 1816 657 Ἦ.
1953 580 2115 679 607
2254 570 2357 650 25

480 744 630 819 Hic,
665 738 906 827 quibus
949 739 1144 800 invisi
1184 733 1444 811 fratres,
1478 735 1624 798 dum
1667 737 1807 798 vita
1844 732 2177 811 manebat,

485 862 856 925 Pulsatusve
901 880 1160 944 parens,
1202 874 1312 919 aut
1355 852 1528 918 fraus
1569 857 1801 920 innexa
1834 856 2102 932 clienti3

483 988 610 1043 Aut
649 982 768 1066 qui
807 978 1060 1042 divitiis
1099 976 1220 1038 soli
1259 974 1607 1039 incubuere
1645 981 1945 1063 reperti8‚

487 1102 618 1165 Nec
664 1118 902 1184 partem
945 1118 1210 1184 posuere
1250 1098 1412 1169 suis,
1447 1118 1614 1183 quae
1655 1100 1926 1161 maxima
1956 1096 2149 1161 turba
2189 1115 2323 1175 est;

487 1222 738 1305 Quique
778 1217 862 1280 ob
903 1216 1291 1279 adulterium
1332 1218 1539 1295 caesi3
1578 1218 1825 1304 quique
1864 1239 2035 1281 arma
2069 1221 2333 1305 sequuti

496 1341 730 1423 Impia,
775 1358 889 1399 nec
927 1338 1120 1399 veriti
1158 1334 1552 1399 dominorum
1592 1332 1819 1399 fallere
1858 1334 2156 1415 dextras,

497 1458 734 1521 Inclusi
776 1478 1038 1543 poenam
1080 1473 1484 1541 exspectant.
1529 1458 1626 1518 Ne
1663 1476 1899 1543 quaere
1940 1455 2159 1519 doceri

495 1583 684 1657 Quam
701 1600 958 1664 poenam
981 1623 998 1652 ,
1017 1596 1128 1639 aut
1145 1598 1313 1663 quae
1328 1572 1530 1639 forma
1547 1579 1718 1638 viros
1734 1622 1753 1653 ,
1772 1570 2109 1637 fortunave
2130 1576 2343 1638 mersit
2360 1617 2379 1635 .

499 1700 726 1759 Saxum
774 1699 998 1785 ingens
1039 1695 1306 1758 volvunt
1346 1694 1495 1771 alii,
1537 1694 1813 1758 radiisve
1854 1716 2137 1757 rotarum

502 1817 788 1879 Districti
831 1813 1144 1899 pendent:
1185 1790 1398 1892 sedet,
1437 1834 1889 1901 aeternumque
1928 1812 2211 1891 sedebit,

501 1932 735 2000 Infelix
775 1933 1093 2011 Theseum
1137 1931 1591 2024 Phlegyasque
1633 1934 2017 1997 miserrimus
2054 1954 2264 1995 omnes

501 2054 842 2130 Admonet,
883 2074 948 2117 et
989 2076 1218 2141 magna
1255 2069 1528 2116 tentatur
1565 2076 1723 2117 voce
1759 2075 1871 2139 per
1910 2053 2195 2117 umbras:

437 2178 740 2252 „Discite
781 2176 1100 2237 iustitiam
1145 2176 1402 2249 moniti,
1444 2192 1508 2235 et
1545 2196 1667 2235 non
1710 2191 1988 2237 temnere
2028 2172 2241 2237 divos.
2342 2216 2387 2249 ‚,
2453 2231 2459 2237 .

507 2291 814 2357 Vendidit
856 2289 962 2355 hic
1003 2314 1156 2354 auro
1195 2294 1506 2377 patriam,
1547 2290 2001 2381 dominumque
2038 2311 2363 2381 potentem

505 2416 847 2499 Imposuit;
891 2410 1032 2475 fixit
1073 2412 1247 2501 leges
1291 2414 1497 2498 pretio
1535 2432 1736 2500 atque
1775 2410 2020 2476 refixit.
2276 2406 2284 2410 ’

508 2536 630 2597 Hic
670 2530 1024 2595 thalamum
1063 2534 1298 2596 invasit
1341 2551 1522 2596 natae
1563 2536 1931 2622 vetitosque
1974 2531 2396 2622 hymenaeos·

515 2655 666 2714 Ausi
707 2673 923 2714 omnes
964 2654 1230 2714 immane
1275 2648 1484 2728 nefas,
1524 2675 1806 2739 ausoque
1850 2655 2075 2738 potiti.

521 2773 696 2847 Non,
741 2769 899 2833 mihi
940 2775 993 2833 si
1035 2771 1298 2861 linguae
1335 2791 1590 2834 centum
1634 2773 1794 2846 sint,
1831 2791 2069 2858 oraque
2106 2785 2399 2850 centum,

519 2895 742 2954 Ferrea
781 2913 942 2967 vox,
983 2911 1196 2953 omnes
1235 2889 1546 2953 scelerum
1586 2887 2038 2974 comprendere
2078 2885 2335 2968 formas,

515 3013 736 3072 Omnia
773 3031 1112 3098 poenarum
1158 3032 1531 3095 percurrere
1571 3012 1825 3074 nomina
1864 3011 2129 3096 poesim.

619 3135 790 3194 Haec
833 3130 947 3194 ubi
989 3129 1167 3195 dicta
1204 3121 1382 3195 dedit
1423 3127 1666 3194 Phoebi
1712 3129 2023 3220 longaeva
2076 3129 2405 3193 sacerdos:

521 3250 642 3316 Sed
663 3254 788 3314 iam
805 3273 926 3341 age
947 3274 1140 3338 carpe
1169 3254 1334 3314 viam
1353 3297 1370 3328 ,
1396 3269 1460 3314 et
1487 3269 1853 3338 susceptum
1886 3249 2115 3338 perfice
2144 3269 2403 3328 munus;

527 3369 996 3448 Acceleremus‚
1043 3373 1164 3434 ait.
1208 3371 1568 3460 Cyclopum
1607 3371 1840 3435 educta
1874 3373 2141 3436 caminia

528 3491 784 3554 Moenia
821 3491 1182 3574 conspiciO,
1223 3509 1422 3577 atque
1464 3491 1731 3555 adverso
1772 3487 2015 3554 fornice
2055 3509 2307 3577 portas,

527 3613 696 3672 Haec
736 3610 850 3674 ubi
893 3633 1002 3672 nos
1041 3583 1382 3697 praecepta
1416 3609 1637 3675 iubent
1685 3609 2001 3695 deponere
2042 3608 2241 3673 dona.

525 3729 825 3804 Dixerat,
865 3748 928 3792 et
973 3733 1244 3816 pariter,
1278 3733 1480 3820 gressi
1516 3753 1628 3823 per
1663 3751 1866 3816 opaca
1902 3731 2181 3803 viarum,

533 3851 903 3934 corripiunt
928 3851 1204 3934 spatium
1222 3849 1536 3926 'medium,
1553 3845 1931 3933 foribusque
1962 3847 2425 3932 propinquant.

533 3971 820 4055 Occupat
865 3973 1104 4033 Aeneas
1146 3969 1424 4046 aditum,
1469 3989 1831 4058 corpusque
1872 3969 2117 4029 recenti
