3400 5175
1014 628 1171 703 262
1791 646 1840 700 c
1893 646 1926 697 1
1975 645 2106 697 111
2159 646 2236 701 S.
2409 622 2567 727 359

1107 788 1641 867 Communemque
1682 781 1902 841 timere
1939 778 2159 855 deum3
2207 800 2368 843 nunc
2411 786 2580 869 regis
2627 786 2894 861 amicos,

1111 908 1267 968 Cum
1310 906 1463 965 Iove
1502 920 1858 965 communes
1894 901 2010 985 qui
2035 896 2354 985 quondam
2390 895 2672 963 habuere
2699 923 2992 987 nepotes;

1112 1028 1429 1110 Nuncque
1470 1023 1611 1107 ipso
1648 1021 1854 1081 verita
1892 1036 1990 1080 est
2027 1015 2240 1080 orbari
2285 1038 2520 1079 maesta
2559 1038 2854 1105 parente,

1114 1151 1299 1211 Nunc
1341 1146 1533 1205 etiam
1575 1137 1843 1204 conficta
1880 1136 2030 1201 dolo
2070 1133 2395 1199 mendacia
2437 1141 2611 1221 turpi

1114 1265 1406 1338 Invenit,
1448 1278 1511 1323 et
1556 1254 1774 1323 divum
1817 1273 2012 1319 terret
2050 1249 2386 1318 formidine
2425 1258 2636 1331 cives;

1112 1392 1299 1453 Nunc
1340 1383 1469 1447 alia
1510 1404 1587 1445 ex
1632 1378 1819 1454 allis,
1855 1398 1968 1439 nec
2005 1373 2263 1450 desunt,
2305 1378 2513 1437 omina
2552 1378 2839 1463 quaerit:

1112 1510 1279 1589 Quin
1320 1506 1513 1569 etiam
1550 1518 1754 1565 castos
1795 1517 1948 1560 ausa
1985 1512 2079 1555 est
2119 1502 2526 1578 corrumpere
2565 1514 2777 1571 vates3

1112 1632 1229 1703 Vt,
1268 1646 1466 1712 quum
1506 1642 1689 1683 caesa
1729 1638 1836 1703 pto
1875 1612 2207 1678 cecidisset
2251 1616 2515 1676 victima
2556 1610 2753 1691 ferro,

1115 1749 1375 1817 Essent,
1416 1743 1527 1829 qui
1568 1757 1868 1829 generum
1911 1736 2134 1795 Minoa
2173 1730 2542 1795 auctoribus
2589 1735 2758 1795 extis

1114 1869 1424 1953 Iungere,
1464 1881 1530 1923 et
1572 1859 1885 1942 ancipites
1923 1850 2258 1915 suaderent
2301 1849 2526 1911 tollere
2570 1872 2847 1939 pugnas.

1116 1989 1202 2048 At
1244 1984 1465 2047 nutrix
1504 1977 1728 2065 patula
1769 1991 2146 2059 componens
2183 1964 2426 2031 sulfura
2465 1987 2658 2046 testa,

1114 2105 1508 2175 Narcissum,
1544 2100 1943 2179 casiamque,
1983 2086 2213 2153 herbas
2253 2086 2537 2151 incendit
2579 2088 2854 2163 olentes;

1118 2226 1371 2309 Terque
1410 2236 1651 2281 novena
1687 2213 1852 2302 ligat
1895 2207 2142 2294 triplici
2182 2204 2437 2270 diversa
2473 2206 2684 2269 colore

1116 2338 1290 2405 Fila:
1326 2342 1449 2401 Ter
1478 2342 1539 2397 in
1570 2332 1876 2422 gremium
1913 2349 2188 2401 mecum,
2219 2328 2468 2413 inquit,
2498 2325 2755 2412 despue,
2777 2329 2985 2416 virgo,

1116 2462 1367 2544 Despue
1410 2472 1539 2531 ter,
1582 2455 1806 2540 virgo:
1849 2468 2103 2510 numero
2141 2446 2296 2510 deus
2331 2448 2573 2532 impare
2609 2445 2878 2535 gaudet.

1116 2576 1277 2643 Inde
1318 2579 1459 2640 Iovi
1504 2574 1786 2664 geminat
1831 2570 2080 2657 magico
2123 2566 2441 2656 Stygialia
2481 2588 2692 2642 sacra,

1113 2705 1309 2765 Sacra
1348 2718 1465 2761 nec
1506 2695 1727 2756 Aeaeis
1765 2685 2056 2760 senibus,
2097 2708 2208 2748 nec
2248 2689 2504 2776 cognita
2545 2686 2788 2764 Graiis;

1110 2821 1365 2908 Pergit,
1409 2812 1758 2902 Amyclaeo
1800 2827 2096 2896 spargens
2132 2806 2361 2869 altaria
2401 2803 2647 2882 thane,

1115 2939 1311 3028 Regis
1348 2933 1643 2997 Iolciacis
1681 2931 1954 2992 animum
1995 2921 2270 3015 defigere
2309 2927 2505 2987 votis.

1116 3057 1349 3120 Verum
1386 3052 1497 3117 ubi
1542 3049 1719 3114 nulla
1763 3063 1969 3110 movet
2005 3043 2294 3108 stabilem
2335 3039 2598 3106 fallacia
2635 3045 2892 3120 Nisum,

1116 3178 1251 3239 Nec
1290 3190 1549 3260 possunt
1585 3167 1900 3242 homines,
1937 3185 2050 3228 nec
2087 3179 2342 3252 possunt
2385 3159 2642 3226 flectere
2679 3161 2854 3240 divi;

1064 3287 1331 3384 (Tanta
1368 3306 1463 3353 est
1508 3293 1573 3352 in
1615 3308 1812 3374 parvo
1851 3284 2087 3350 fiducia
2127 3288 2302 3348 crine
2343 3280 2659 3374 cavendi)

1116 3415 1357 3476 Rursus
1399 3408 1479 3471 ad
1522 3409 1844 3492 inceptum
1888 3409 2120 3486 sociam
2157 3427 2222 3468 se
2259 3403 2554 3493 adiungit
2599 3402 2931 3480 alumnae,

1110 3533 1626 3617 Purpureumque
1670 3545 1850 3613 parat
1886 3527 2102 3608 rursu’s
2141 3522 2402 3587 tondere
2439 3521 2775 3608 capillum,

1117 3654 1277 3714 Tam
1318 3649 1509 3736 longo
1548 3645 1722 3735 quod
1765 3651 1886 3708 iam
1927 3660 2145 3730 captat
2183 3660 2549 3706 succurrere
2587 3641 2817 3702 amori.

1111 3771 1258 3834 Non
1294 3769 1500 3834 minus
1540 3765 1655 3829 illa
1698 3781 1900 3827 tamen
1939 3759 2158 3826 revehi
2197 3784 2263 3825 se
2303 3760 2382 3825 ad
2427 3763 2669 3822 moenia
2704 3761 2930 3820 Cressa

1116 3884 1436 3952 Gaudeat:
1474 3903 1537 3948 et
1576 3887 1776 3948 cineri
1817 3887 2026 3970 petria
2065 3903 2158 3948 est
2201 3881 2476 3947 iucunda
2512 3879 2802 3966 sepulto.
2861 3883 2866 3892 '

1112 4007 1281 4098 Ergo
1318 4007 1551 4069 iterum
1592 4005 1793 4089 cupiti
1829 4003 2050 4091 Scylla
2086 4020 2181 4066 est
2225 4003 2485 4064 inimica
2523 4017 2818 4086 paterno.
