3400 5175
858 476 1328 534 Anmzmos
1393 477 1568 531 un.
1634 481 1763 537 v1.
1882 458 2041 559 775
2193 458 2283 533 31

391 617 564 676 Haec
583 630 718 673 tum
741 614 996 673 nomina
1023 628 1207 673 erunt
1231 656 1250 685 ,
1275 628 1442 673 nunc
1459 631 1604 673 sunt
1634 614 1770 674 sine
1790 616 2039 675 nomine
2069 630 2301 675 terrae.

393 734 562 810 Quin
605 748 670 793 et
713 753 834 792 avo
875 732 1170 793 comitem
1215 752 1348 793 sese
1391 734 1751 795 Mavortius
1788 732 1967 795 addit

397 852 754 923 Romulus;
802 852 1091 912 Assaraci
1133 871 1322 936 quem
1367 855 1700 939 sanguinis
1744 853 1865 915 Ilia
1906 872 2108 915 mater

395 972 686 1034 Educet.
731 967 960 1033 Viden’
1003 990 1074 1032 ut
1118 974 1411 1060 geminae
1453 990 1619 1033 stant
1661 975 1903 1035 vertice
1936 976 2199 1050 cristae,

401 1095 480 1153 Et
525 1096 714 1153 Pater
761 1094 894 1177 ipse
935 1113 1052 1151 suo
1091 1088 1398 1177 Superum
1441 1094 1559 1153 iam
1601 1094 1809 1180 signat
1856 1087 2141 1155 honore?

399 1215 529 1286 En,
571 1210 802 1287 huius,
845 1231 1029 1286 nate,
1072 1215 1376 1295 auspiciis
1415 1212 1530 1273 illa
1569 1212 1819 1299 inclyta
1860 1214 2065 1280 Roma¹

407 1333 750 1415 Imperium
799 1332 1020 1409 terris,
1057 1332 1296 1393 animos
1338 1330 1644 1419 aequabit
1688 1330 1995 1418 Olymp0,

409 1454 801 1535 Septemque
845 1472 970 1511 una
1011 1448 1136 1513 sibi
1175 1472 1349 1513 muro
1391 1451 1817 1514 circumdabit
1860 1473 2068 1528 arces,

403 1569 578 1632 Felix
615 1569 800 1654 prole
843 1566 1081 1631 virum:
1125 1569 1334 1657 qualis
1379 1574 1767 1659 Berecyntia
1812 1576 2027 1633 Mater

404 1686 753 1751 Invehitur
796 1710 989 1751 curru
1033 1687 1354 1779 Phrygias
1397 1694 1634 1753 turrita
1680 1713 1792 1777 per
1831 1690 2047 1767 urbes,

405 1812 596 1872 Laeta
639 1808 826 1871 deiim
869 1832 1089 1895 partu,
1131 1830 1382 1874 centum
1421 1810 1755 1897 complexa
1796 1831 2087 1897 nepotes,

409 1928 1054 2003 Omnescaelicolas,
1094 1952 1306 1993 omnes
1345 1953 1570 2017 supera
1612 1931 1745 1993 alta
1784 1951 2105 1995 tenentes.

409 2053 542 2113 Huc
571 2052 862 2139 geminas
889 2072 1052 2113 nunc
1078 2046 1264 2114 flecte
1291 2055 1491 2116 acies:
1528 2050 1688 2115 hanc
1732 2053 1985 2139 adspice
2016 2070 2300 2141 gentem,

405 2173 850 2257 Romanosque
895 2188 1070 2233 tuos.
1109 2172 1231 2235 Hic
1273 2175 1533 2248 Caesar,
1579 2191 1640 2235 et
1685 2177 1885 2235 omnis
1929 2173 2058 2235 Iuli

409 2295 784 2381 Progenies,
829 2314 1124 2383 magnum
1167 2292 1336 2355 caeli
1380 2310 1646 2355 ventura
1691 2291 1809 2357 sub
1845 2316 2055 2356 axem.

409 2414 525 2473 Hic
569 2414 704 2487 vir,
751 2410 858 2474 hic
897 2433 1022 2488 est,
1063 2412 1186 2475 tibi
1229 2434 1414 2500 quem
1457 2416 1747 2499 promitti
1786 2416 2037 2498 saepius
2081 2410 2300 2489 audis,

403 2534 736 2621 Augustus
777 2534 1036 2609 Caesar,
1080 2534 1231 2595 Divi
1272 2554 1499 2622 genus:
1545 2553 1733 2593 aurea
1775 2531 2006 2595 condet

409 2653 680 2716 Saecula
717 2656 835 2739 qui
879 2676 1093 2717 rursus
1133 2656 1358 2731 Latio,
1397 2671 1666 2740 regnata
1709 2672 1820 2736 per
1862 2672 2014 2712 arva

411 2775 678 2835 Saturno
725 2772 1079 2859 quondam;
1123 2794 1314 2859 super
1350 2792 1412 2835 et
1459 2775 1873 2834 Garamantas
1916 2789 1977 2832 et
2020 2768 2208 2833 Indos

409 2889 691 2956 Proferet
739 2896 1112 2980 imperium3
1151 2897 1322 2958 iacet
1359 2910 1546 2956 extra
1588 2889 1800 2954 sidera
1839 2888 2060 2966 tellus,

407 3015 606 3078 Extra
649 3018 801 3078 anni
847 3016 1126 3104 solisque
1167 3019 1336 3092 vias,
1377 3013 1492 3077 ubi
1534 3007 1800 3076 caelifer
1844 3011 2022 3072 Atlas

409 3138 604 3198 Axem
647 3133 912 3199 humero
953 3155 1213 3225 torquet
1261 3132 1468 3198 stellis
1507 3130 1883 3196 ardentibus
1928 3147 2180 3216 aptum.

409 3255 612 3316 Huius
655 3255 724 3318 in
768 3253 1114 3318 adventum
1155 3258 1278 3318 iam
1322 3277 1486 3319 nunc
1531 3271 1597 3318 et
1638 3255 1872 3338 Caspia
1913 3273 2109 3341 regna

407 3375 750 3461 Responsis
793 3371 1055 3438 horrent
1099 3371 1355 3452 divum,
1397 3391 1461 3438 et
1509 3376 1797 3436 Maeotia
1840 3370 2068 3445 tellus,

409 3497 482 3554 Et
525 3496 1016 3584 septemgemini
1062 3494 1325 3558 turbant
1368 3493 1621 3580 trepida
1663 3495 1828 3555 ostia
1872 3490 2047 3554 Nili.

408 3615 534 3676 Nec
581 3636 734 3677 vero
781 3613 1042 3678 Alcides
1081 3633 1332 3676 tantum
1374 3613 1626 3677 telluris
1666 3610 1913 3686 obivit3

405 3736 650 3797 Fixerit
693 3733 1058 3820 aeripedem
1098 3755 1350 3797 cervam
1397 3733 1588 3807 licet,
1629 3748 1742 3794 aut
1786 3723 2169 3818 Erymanthi

405 3857 656 3918 Pacarit
707 3877 999 3931 nemora,
1042 3872 1104 3919 et
1150 3859 1414 3918 Lernam
1459 3846 1893 3916 tremefecerit
1936 3867 2123 3914 arcu.

503 3973 566 3986 ,.-,-
