3400 5175
1214 642 1263 695 c
1316 643 1347 694 1
1398 642 1451 693 R
1502 643 1533 694 1
1584 644 1661 697 s.
1839 620 2000 721 387
2251 624 2408 700 263

536 782 691 847 Tum
732 796 912 840 coma
956 771 1217 837 Sidonio
1258 772 1481 837 florens
1520 774 1874 840 succiditur
1910 795 2112 843 ostro:

536 900 695 959 Tum
733 897 993 981 capitur
1036 898 1336 983 Megara,
1372 912 1435 957 et
1463 892 1679 958 divfim
1717 918 2008 983 responsa
2043 898 2420 985 probantur.

634 1020 749 1091 At,
792 1036 1093 1101 suspensa
1134 1036 1299 1077 novo
1341 1016 1471 1076 ritu
1512 1012 1591 1077 de
1632 1016 1900 1081 navibus
1942 1018 2128 1097 ahia,

536 1138 650 1197 Per
692 1157 861 1197 mare
901 1133 1261 1198 caeruleum
1304 1132 1587 1197 trahitur
1632 1140 1850 1200 Niseia
1884 1140 2101 1227 virgo,

540 1230 911 1339 Complures
946 1252 1119 1315 illam
1162 1250 1479 1341 nymphae
1522 1257 1836 1319 mirantur
1873 1260 1938 1320 in
1979 1256 2200 1337 undia;

540 1376 819 1435 Miratur
860 1389 1038 1458 pater
1078 1375 1395 1449 Oceanus,
1440 1392 1501 1435 et
1541 1373 1810 1438 candida
1852 1375 2130 1465 Tethya‘,

534 1494 617 1554 Et
660 1491 927 1579 cupidas
966 1514 1177 1555 aecum
1220 1495 1471 1577 rapiens
1508 1494 1772 1557 Galatea
1811 1516 2082 1559 sorores:

541 1612 725 1675 Illam
763 1615 989 1689 etiam,
1032 1615 1271 1675 iunctis
1312 1634 1605 1702 maguum
1643 1636 1804 1701 quae
1847 1612 2128 1701 piscibus
2174 1636 2414 1703 aequor

538 1734 619 1793 Et
662 1730 897 1820 glauco
938 1730 1235 1817 bipedum
1275 1752 1472 1795 curru
1514 1736 1782 1795 metitur
1817 1754 2158 1820 equorum,

540 1847 933 1925 Leucothee,
973 1872 1333 1935 parvusque
1369 1850 1485 1915 dea
1520 1873 1664 1914 cum
1709 1868 1903 1914 matre
1948 1852 2317 1916 Palaemon.

538 1969 721 2033 Illam
758 1974 987 2045 etiam,
1029 1970 1301 2033 alternae
1341 1973 1555 2033 sortiti
1592 1973 1808 2033 vivere
1846 1970 2054 2048 luces,

538 2094 699 2155 Cara
740 2093 911 2155 Iovis
947 2088 1231 2165 suboles,
1274 2112 1565 2180 magnum
1613 2093 1784 2153 Iovia
1823 2093 2310 2167 incrementum,

540 2208 981 2299 Tyndaridae,
1022 2227 1083 2271 et
1126 2212 1341 2271 niveos
1382 2212 1695 2271 mirantur
1735 2211 2006 2299 virginit
2048 2226 2252 2271 artua.

538 2334 669 2393 Has
708 2328 862 2393 adeo
898 2350 1119 2403 voces,
1162 2350 1359 2416 atque
1402 2326 1553 2391 haec
1596 2326 1869 2391 lamenta
1911 2350 2020 2415 per
2061 2350 2244 2391 auras

538 2446 873 2511 Fluctibus
914 2449 979 2509 in
1024 2446 1243 2511 mediis
1284 2464 1513 2533 questu
1552 2446 1848 2511 volvebat
1889 2448 2102 2524 inani,

539 2568 639 2630 Ad
678 2564 920 2630 caelum
960 2561 1189 2629 infelix
1230 2561 1519 2628 ardentia
1563 2565 1802 2629 lumina
1841 2566 2106 2642 tollens,

540 2689 831 2760 Lumina,
872 2706 1017 2747 nam
1058 2703 1307 2748 tenerae
1344 2683 1651 2748 arcebant
1690 2683 1951 2746 vincula
1995 2681 2264 2768 palmas.

634 2804 1029 2889 Supprimite
1069 2823 1107 2864 ο
1151 2801 1437 2887 paullum
1484 2802 1728 2867 turbati
1767 2797 2019 2864 flamina
2065 2804 2287 2877 Venti,

536 2923 701 2984 Dum
741 2941 1009 3010 queror;
1054 2938 1118 2984 et
1158 2921 1369 2998 divos,
1412 2913 1796 3008 quamquam
1835 2920 1924 2984 nil
1969 2919 2238 2985 testibus
2279 2920 2412 2984 illis

540 3036 825 3117 Profeci,
864 3058 1149 3105 extrema
1186 3044 1455 3104 moriens
1494 3059 1704 3102 tamen
1743 3039 2051 3128 adloquor
2089 3039 2277 3104 hora.

534 3163 663 3224 Vos
702 3181 856 3250 ego,
896 3182 1007 3223 vos
1046 3159 1233 3237 adeo,
1274 3163 1501 3236 Venti,
1545 3157 1862 3237 testabor,
1903 3177 1965 3222 et
2013 3169 2248 3224 Aurae:

538 3281 691 3356 Vos,
736 3274 1087 3341 Pandionia
1124 3280 1175 3340 ai
1214 3281 1327 3366 qui
1364 3277 1442 3343 de
1484 3298 1674 3370 gente
1715 3280 1980 3355 venitis,

535 3399 847 3461 cernitis:
889 3396 1003 3460 ina
1045 3419 1163 3488 ego
1202 3419 1337 3461 sum
1376 3417 1649 3488 cognato
1688 3402 1996 3488 sanguine
2035 3397 2215 3462 vobis

534 3517 795 3606 Scylla3
838 3515 1041 3605 quod,
1084 3513 1203 3592 ah,
1242 3515 1419 3579 salva
1458 3516 1648 3580 liceat
1690 3537 1754 3580 te
1794 3517 2040 3592 dicere,
2079 3521 2359 3594 Procne;

539 3635 664 3698 Illa
702 3657 823 3726 ego
858 3659 993 3699 aum
1038 3639 1171 3699 Nisi
1220 3635 1518 3722 pollentis
1559 3633 1691 3700 filia
1737 3635 2096 3724 quondam,

541 3757 847 3818 Certatim
888 3777 967 3817 ex
1004 3759 1171 3818 omni
1218 3758 1402 3842 petiit
1444 3777 1635 3842 quam
1678 3757 1946 3818 Graecia
1989 3773 2216 3842 regne,

541 3876 676 3952 Qua
712 3893 941 3938 curvus
980 3891 1176 3938 terras
1218 3876 1627 3961 amplectitur
1668 3872 2146 3956 Hellespontus:

546 3989 671 4054 Illa
708 4013 829 4082 ego
871 4014 1039 4070 aum,
1078 3996 1319 4073 Minoa,
1359 4011 1601 4059 sacrato
1640 3987 1898 4056 foedere
1935 3994 2172 4054 coniux
