3400 5175
1002 598 1473 654 Annnmos
1537 596 1712 652 mn.
1774 600 1942 654 xn-
2022 604 2186 683 72⁰
2303 600 2460 685 219

594 732 780 797 Colla
804 753 1136 819 armosque
1162 729 1417 807 lavant3
1446 731 1692 819 gemitu
1723 753 1936 795 nemus
1963 753 2144 799 omne
2169 740 2465 827 remugit.

594 850 779 915 Haud
821 851 1010 914 aliter
1048 852 1205 913 Tros
1247 852 1491 911 Aeneas
1524 864 1589 910 et
1628 850 1916 913 Daunius
1954 847 2139 917 heros

589 972 988 1034 Concurrunt
1030 968 1289 1055 clipeis.
1332 970 1563 1055 Ingens
1602 961 1816 1056 fragor
1852 966 2114 1033 aethera
2149 970 2461 1058 complet.

587 1090 883 1175 Iuppiter
923 1092 1059 1175 ipse
1099 1086 1259 1151 duas
1298 1103 1567 1171 aequato
1601 1086 1888 1149 examine
1923 1086 2130 1151 lances

588 1208 903 1283 Sustinet,
944 1222 1009 1269 et
1049 1201 1189 1271 fata
1226 1206 1495 1293 imponit
1531 1202 1780 1267 diversa
1817 1203 2118 1285 duorum3

588 1330 785 1403 Quem
826 1323 1083 1389 damnet
1118 1322 1331 1401 labor,
1370 1341 1435 1385 et
1476 1342 1606 1410 quo
1644 1342 1868 1413 vergat
1911 1324 2188 1410 pondere
2227 1321 2456 1389 letum.

590 1446 841 1507 Emicat
880 1438 1025 1523 hic,
1064 1448 1327 1530 impune
1366 1458 1627 1529 putans,
1670 1459 1735 1504 et
1773 1464 2039 1529 corpore
2080 1460 2218 1507 toto

582 1560 733 1625 Alte
772 1558 1091 1625 sublatum
1129 1563 1460 1649 consurgit
1502 1562 1753 1627 Turnus
1787 1566 1852 1625 in
1893 1584 2130 1641 ensem,

582 1683 666 1741 Et
706 1677 892 1741 ferit.
938 1678 1314 1743 Exclamant
1354 1679 1553 1745 Troes
1592 1683 1962 1769 trepidique
2004 1685 2252 1760 Latini,

582 1796 1020 1884 Adrectaeque
1060 1795 1383 1862 amborum
1422 1800 1619 1865 acies.
1661 1805 1746 1863 At
1790 1798 2059 1887 perfidus
2098 1804 2262 1865 ensis

581 1918 957 2005 Frangitur,
998 1916 1063 1978 in
1106 1914 1440 2003 medioque
1478 1916 1802 1983 ardentem
1843 1917 2074 1982 deserit
2117 1922 2282 1983 ictuz

579 2036 668 2098 Ni
706 2030 862 2123 fuga
898 2032 1182 2100 subsidio
1220 2034 1471 2099 subeat.
1512 2040 1710 2126 Fugit
1748 2038 1924 2099 ocior
1961 2056 2150 2113 euro,

584 2156 671 2215 Vt
696 2152 985 2241 capulum
1011 2156 1299 2243 ignotum
1324 2124 1742 2241 dextramque
1763 2154 2059 2241 adspexit
2087 2160 2416 2217 inermem.

586 2274 775 2335 Fama
804 2292 897 2337 est
915 2319 933 2349 ,
950 2276 1365 2359 praecipitem
1381 2320 1398 2350 ,
1415 2296 1611 2363 quum
1624 2278 1824 2361 prims
1849 2276 1914 2337 in
1927 2272 2170 2361 proelia
2197 2276 2448 2337 iunctos

584 2390 1061 2456 Conscendebat
1098 2392 1325 2480 equod,
1369 2394 1577 2479 patrio
1620 2413 1915 2457 mucrone
1957 2391 2220 2465 relicto,

582 2512 749 2572 Dum
790 2508 1109 2598 trepidat,
1150 2505 1388 2574 ferrum
1432 2514 1693 2602 aurigae
1735 2512 2019 2597 rapuisse
2061 2480 2356 2588 Metisci3

578 2627 785 2716 quue
824 2629 973 2708 diu,
1011 2629 1161 2694 dum
1198 2649 1384 2722 terga
1422 2627 1659 2693 dabant
1702 2627 1986 2714 palantia
2023 2629 2290 2703 Teucri,

577 2743 875 2811 Suffecit:
920 2764 1253 2836 postquam
1296 2769 1467 2812 arma
1500 2745 1605 2810 dei
1640 2745 1719 2810 ad
1763 2744 2076 2810 Vulcania
2119 2765 2410 2823 ventum,

580 2864 878 2928 Mortalis
920 2889 1175 2944 mucro,
1208 2865 1449 2956 glacies
1487 2887 1607 2930 ceu
1648 2861 1892 2942 futilis,
1927 2865 2064 2927 ictu

578 2983 916 3046 Dissiluit:
962 2980 1143 3048 fulva
1182 2982 1587 3072 resplendent
1630 2979 1942 3072 fragmina
1979 3001 2203 3044 arena.

576 3105 748 3192 Ergo
787 3124 995 3166 amens
1032 3101 1282 3168 diversa
1315 3101 1473 3194 fuga
1514 3105 1678 3190 petit
1721 3122 1999 3190 aequora
2039 3103 2327 3174 Turnus3

579 3223 663 3283 Et
704 3243 873 3285 nunc
914 3219 1073 3300 huc,
1112 3221 1262 3286 inde
1302 3221 1431 3288 huc
1472 3226 1748 3287 incertos
1785 3219 2074 3308 implicat
2117 3217 2327 3282 orbes.

579 3338 877 3426 Vndique
915 3340 1081 3404 enim
1116 3340 1305 3404 densa
1346 3341 1578 3406 Teucri
1616 3341 1926 3407 inclusere
1965 3357 2232 3414 corona;

578 3463 789 3544 Atque
826 3455 975 3524 hinc
1014 3477 1193 3523 vasta
1234 3459 1447 3547 palus,
1490 3457 1639 3525 hinc
1669 3459 1862 3524 ardua
1891 3459 2136 3521 moenia
2160 3459 2456 3545 cingunt.

671 3577 803 3640 Nec
842 3578 1065 3640 minus·
1089 3581 1364 3656 Aeneas,
1404 3601 1786 3668 quamquam
1830 3576 2079 3641 tardata
2113 3577 2351 3664 sagitta

574 3691 903 3757 Interdum
942 3717 1151 3788 genua
1190 3697 1588 3784 impediunt,
1627 3714 2013 3781 cursumque
2053 3707 2384 3764 recusant,

580 3812 985 3899 Insequitur,
1024 3815 1393 3904 trepidique
1430 3815 1649 3905 pedem
1688 3811 1850 3901 pede
1887 3807 2171 3876 fervidus
2211 3825 2426 3898 urget:

575 3929 895 3996 Inclusum
934 3931 1143 4000 veluti
1180 3937 1237 3998 si
1276 3933 1527 4024 quando
1566 3931 1823 3998 flumine
1861 3947 2082 3994 nactus
