3400 5175
1043 634 1148 710 92
1677 630 1752 685 ι’.
1837 622 2380 684 vrnornrr
2632 607 2783 711 691

1145 760 1296 824 Alta
1339 776 1604 846 petunt:
1649 758 1881 849 pelago
1920 758 2143 824 credas
2185 763 2405 824 innare
2442 762 2726 827 revulsas

1137 877 1487 969 CycladaS,
1530 896 1640 940 aut
1685 897 1926 941 montes
1967 900 2343 943 concurrere
2388 881 2713 946 montibus
2757 882 2955 947 altos:

1139 1002 1349 1061 Tanta
1387 997 1552 1061 mole
1591 1000 1717 1061 viri
1759 1000 2009 1063 turritis
2050 997 2375 1085 puppibus
2416 1001 2690 1064 instant.

1143 1124 1430 1206 Stuppea
1473 1116 1721 1181 flamma
1757 1141 1941 1180 manu
1987 1118 2259 1205 telisque
2300 1118 2571 1182 volatile
2611 1116 2842 1184 ferrum

1139 1240 1513 1329 Spargitur:
1553 1261 1708 1301 arva
1744 1260 1905 1301 nova
1946 1238 2275 1322 Neptunia
2314 1234 2506 1299 caede
2548 1236 2933 1303 rubescunt.

1138 1358 1386 1445 Regina
1425 1359 1493 1419 in
1537 1356 1757 1421 mediis
1806 1360 2018 1443 patrio
2051 1374 2235 1421 vocat
2276 1358 2531 1447 agmina
2570 1360 2797 1435 sistro;

1142 1476 1426 1540 Necdum
1469 1477 1658 1539 etiam
1700 1479 1983 1567 geminos
2025 1500 2063 1539 a
2106 1493 2287 1565 tergo
2330 1477 2591 1563 respicit
2634 1498 2901 1568 angues.

1141 1592 1686 1685 omnigenumque
1728 1592 1909 1659 deum
1952 1616 2257 1673 monstra,
2304 1612 2370 1659 et
2410 1596 2687 1661 latrator
2725 1596 3008 1677 Anubis,

1140 1716 1376 1777 Contra
1403 1717 1771 1800 Neptunum
1792 1760 1811 1793 ,
1840 1734 1901 1777 et
1932 1720 2265 1792 Venerem,
2292 1732 2643 1803 contraque
2672 1718 3025 1782 Minervam

1138 1832 1299 1895 Tela
1339 1850 1592 1896 tenent.
1633 1837 1851 1897 Saevit
1892 1834 2099 1898 medio
2142 1836 2209 1897 in
2250 1837 2598 1899 certamine
2639 1840 2891 1900 Mavors

1139 1950 1432 2013 Caelatus
1473 1948 1669 2028 ferro,
1714 1956 2059 2041 tristesque
2100 1975 2181 2018 ex
2223 1951 2480 2019 aethere
2522 1958 2748 2034 Dirae,

1139 2073 1222 2132 Et
1261 2072 1455 2135 scissa
1492 2070 1776 2162 gaudens
1814 2072 1992 2136 vadit
2033 2072 2372 2137 Discordia
2412 2071 2623 2158 palla3

1145 2193 1342 2269 Quam
1383 2211 1530 2253 cum
1567 2192 1910 2281 sanguineo
1952 2196 2249 2279 sequitur
2290 2192 2548 2256 Bellona
2582 2188 2867 2281 flagello.

1143 2311 1372 2374 Actius
1414 2306 1568 2374 haec
1611 2333 1874 2374 cernens
1916 2333 2129 2375 arcum
2169 2308 2545 2375 intendebat
2586 2309 2819 2397 Apollo

1140 2434 1462 2516 Desuperz
1503 2435 1702 2494 omnis
1742 2454 1815 2493 eo
1858 2448 2097 2494 terrore
2137 2435 2508 2520 Aegyptus,
2546 2447 2609 2493 et
2654 2428 2833 2505 Ind‘r,

1141 2551 1354 2614 Omnis
1399 2548 1628 2628 Arabs,
1669 2572 1881 2614 omnes
1920 2545 2253 2614 vertebant
2300 2567 2479 2637 terga
2519 2545 2781 2612 Sabaei.

1142 2673 1288 2756 Ipsa
1328 2669 1671 2735 videbatur
1714 2674 1920 2735 ventis
1964 2673 2185 2761 regina
2226 2673 2467 2731 vocatis
2780 2659 2791 2668 ’

1139 2790 1299 2854 Vela
1339 2790 1520 2869 dare,
1563 2809 1627 2854 et
1671 2792 1847 2856 laxos
1890 2795 2009 2854 iam
2056 2791 2311 2876 iamque
2354 2789 2695 2851 immittere
2737 2784 2949 2851 funes.

1141 2911 1322 2974 Illam
1364 2913 1534 2976 inter
1568 2911 1789 2976 caedes
1829 2911 2171 3000 pallentem
2215 2924 2415 2972 morte
2455 2905 2669 2971 futura

1140 3035 1404 3094 Fecerat
1449 3035 1823 3122 Ignipotens
1865 3031 2048 3096 undis
2086 3046 2149 3093 et
2194 3033 2445 3119 Iapyge
2485 3024 2671 3092 ferri:

1141 3150 1376 3210 Contra
1418 3167 1625 3212 autem
1667 3173 1892 3240 magno
1930 3167 2309 3214 maerentem
2350 3169 2614 3234 corpore
2656 3145 2903 3224 Nilum,

1143 3264 1660 3355 Pandentemque
1704 3272 1909 3347 sinus,
1952 3288 2017 3332 et
2060 3286 2199 3332 tota
2241 3284 2421 3330 veste
2460 3283 2792 3330 vocantem

1140 3384 1516 3448 Caeruleum
1545 3389 1609 3448 in
1639 3392 1942 3478 gremium
1960 3435 1977 3464 ,
2002 3387 2446 3474 latebrosaque
2472 3383 2731 3450 flumina
2749 3432 2767 3462 ,
2786 3387 3019 3447 victos.

1139 3508 1225 3566 At
1270 3508 1532 3583 Caesar,
1577 3508 1827 3593 triplici
1865 3513 2153 3573 invectus
2200 3509 2482 3569 Romana
2522 3501 2845 3590 triumpho

1141 3625 1430 3701 Moenia,
1472 3625 1570 3690 dis
1609 3627 1797 3689 Italis
1838 3647 2055 3692 votum
2097 3625 2449 3688 immortale
2490 3623 2781 3694 sacrabat

1137 3745 1424 3808 Maxima
1460 3762 1810 3809 tercentum
1856 3764 2053 3811 totam
2096 3745 2367 3809 delubra
2412 3767 2522 3832 per
2562 3742 2816 3808 urbem.

1143 3861 1426 3923 Laetitia
1465 3859 1770 3950 ludisque
1804 3867 1949 3926 viae
1992 3862 2349 3951 plausuque
2393 3862 2776 3933 fremebant:

1059 4049 1066 4056 .
1141 3977 1446 4042 Omnibus
1481 3984 1548 4044 in
1593 3982 1849 4071 templis
1888 4003 2153 4050 matrum
2196 3983 2457 4062 chorus,
2498 3983 2787 4048 omnibns
2828 3993 3020 4045 arae:
