3400 5175
1167 566 1237 651 P
1257 566 1339 653 V
1363 568 1583 657 BLI
1606 570 1651 657 1

680 814 1297 926 VIRGILII
1413 824 2084 935 MARONIS

1011 1108 1742 1189 AENEIDOS

826 1393 1161 1463 LIBER
1252 1395 1894 1469 VNDECIMVS
1915 1444 1937 1467 .

1042 1628 1711 1670 mm

484 1832 895 1983 Oceanum
938 1911 1181 1975 interea
1216 1932 1481 2001 surgens
1519 1914 1770 1975 Aurora
1809 1910 2114 2001 reliquit.

486 2034 757 2110 Aeneas,
795 2052 1179 2121 quamquam
1220 2049 1285 2094 et
1324 2032 1515 2095 sociis
1553 2029 1710 2094 dare
1748 2046 1993 2119 tempus
2033 2031 2362 2101 humandis

482 2150 915 2236 Praecipitant
952 2172 1174 2228 curae,
1218 2150 1599 2239 turbataque
1638 2147 1866 2215 funere
1905 2174 2075 2218 mens
2109 2172 2238 2236 est,

456 2273 649 2333 «Vota
688 2268 875 2333 desim
912 2273 1117 2357 primo
1158 2272 1367 2334 victor
1404 2268 1690 2335 solvebat
1732 2274 1900 2335 Eoo·

486 2390 813 2479 Ingentem
856 2411 1162 2477 quercum
1202 2389 1431 2456 decisis
1470 2390 1756 2478 undique
1797 2392 1984 2453 ramis

488 2510 837 2572 Constituit
882 2510 1163 2592 tumulo,
1204 2508 1651 2604 fulgentiaque
1692 2508 1906 2573 induit
1943 2530 2150 2585 arma,

488 2628 765 2700 Mezenti
806 2628 987 2695 ducis
1025 2634 1331 2710 exuvias;
1370 2629 1528 2707 tibi,
1572 2648 1828 2719 magne,
1867 2645 2232 2714 tropaeum,

491 2748 915 2836 Bellipotensz
955 2767 1135 2836 aptat
1175 2767 1453 2812 rorantes
1488 2749 1799 2836 sanguine
1835 2747 2092 2822 cristas,

486 2867 773 2956 Telaque
817 2887 1045 2933 trunca
1084 2871 1247 2946 viri,
1290 2885 1354 2933 et
1398 2867 1496 2934 bis
1536 2889 1643 2930 sex
1689 2863 1950 2930 thoraca
1990 2865 2266 2952 petitum

488 2983 974 3075 Perfossumque
1014 2987 1203 3051 locis:
1243 2987 1654 3075 clipeumque
1691 3007 1772 3048 ex
1815 3005 1958 3048 aere
1993 2985 2286 3048 sinistrae

481 3103 821 3196 Subligat,
863 3125 1061 3194 atque
1100 3129 1305 3172 ensem
1349 3107 1519 3170 collo
1556 3104 1888 3192 suspendit
1929 3103 2270 3170 eburnam.

480 3229 643 3290 Tum
684 3230 919 3304 socios,
958 3249 1227 3314 namque
1268 3230 1469 3290 omnis
1508 3249 1649 3290 eum
1688 3229 1926 3311 stipata
1970 3223 2232 3314 tegebat

482 3342 697 3406 Turba
738 3343 1004 3420 ducum,
1042 3351 1133 3410 sic
1175 3349 1488 3434 incipiens
1524 3343 1822 3409 hortatur
1861 3361 2160 3407 ovantes:
2249 3367 2258 3379 ·

482 3465 769 3526 Maxima
807 3486 905 3528 res
944 3462 1217 3543 effecta,
1260 3466 1426 3531 viri.
1468 3467 1689 3528 Timor
1726 3467 1927 3528 omnis
1967 3461 2216 3540 abesto,

481 3580 663 3660 Quod
702 3601 1022 3670 superest.
1066 3589 1240 3650 Haec
1282 3603 1428 3650 sunt
1466 3583 1708 3671 spolia,
1735 3601 1796 3647 et
1831 3583 1910 3647 de
1938 3605 2085 3671 rege
2109 3578 2384 3668 superbo

482 3703 848 3765 Primitiae}
893 3703 1309 3793 manibusque
1349 3709 1502 3769 meis
1542 3707 1903 3767 Mezentius
1945 3699 2053 3764 hic
2095 3717 2223 3763 est.

480 3819 667 3884 Nunc
712 3821 837 3884 iter
876 3819 955 3884 ad
1000 3845 1209 3912 regem
1251 3823 1430 3888 nobis
1471 3845 1812 3912 murosque
1853 3823 2150 3884 Latinos.

482 3942 672 4003 Arma
714 3959 931 4027 parate
972 3946 1235 4022 animis,
1270 3962 1331 4008 et
1376 3968 1484 4032 spe
1527 3944 1912 4031 praesumite
1951 3936 2228 4003 bellum:
