3400 5175
1099 642 1828 708 carana·ch
2288 635 2448 736 273

572 790 653 847 Et
694 783 899 845 inscio
936 802 1199 869 repente
1240 782 1575 847 clamatum
1615 807 1830 871 super,

672 900 1039 979 Thalassio,
1080 896 1451 966 Thalassio?

576 1019 743 1101 Quid
788 1020 1117 1106 palluisti,
1160 1014 1437 1086 femina?
1476 1043 1555 1083 an
1598 1024 1724 1087 ioci
1765 1016 2032 1088 dolent?

672 1144 771 1202 An
809 1135 978 1202 facta
1018 1142 1345 1229 cognoscis
1386 1132 1546 1203 tua?

577 1262 719 1322 Non
758 1280 852 1321 me
891 1258 1147 1321 vocabis
1186 1255 1457 1347 pulchra
1500 1281 1611 1347 per
1650 1262 1948 1349 Cotyttia

676 1376 775 1439 Ad
814 1373 1075 1440 feriatos
1118 1371 1430 1441 fascinos?

578 1498 713 1559 Nec
755 1494 905 1559 dein
948 1518 1197 1587 rnovere
1232 1494 1479 1561 lumbos
1519 1497 1585 1559 in
1625 1494 1954 1560 crocotula

681 1616 923 1677 Prensis
959 1614 1195 1679 videbo
1231 1606 1558 1678 alaribus?

584 1732 847 1795 Flavum
890 1754 1086 1819 prope
1121 1751 1185 1795 et
1227 1730 1545 1822 Thybrim
1582 1748 1647 1794 te
1686 1731 1930 1797 olentes
1971 1736 2298 1801 nauticum

684 1856 955 1929 Vocare,
998 1850 1109 1917 ubi
1150 1851 1453 1938 appulsae
1494 1870 1659 1915 rates

584 1974 764 2033 Stant
806 1974 871 2033 in
911 1970 1089 2035 vadis
1128 1993 1321 2035 coeno
1360 1986 1645 2035 retentae
1682 1970 1973 2053 sordido,

685 2094 1025 2177 Macraque
1065 2090 1386 2154 luctantes
1424 2083 1640 2177 aqua?

590 2212 815 2296 Neque
856 2210 921 2271 in
966 2209 1279 2284 culinam,
1322 2226 1384 2271 et
1422 2228 1619 2274 uncta
1656 2211 2063 2300 compitalia,

682 2330 1019 2414 Dapesque
1057 2326 1251 2391 duces
1291 2324 1621 2393 sordidas?

592 2446 835 2527 Quibus
878 2445 1191 2532 repletus,
1234 2464 1304 2509 ut
1348 2446 1635 2510 salivosis
1670 2450 1878 2534 apris,

680 2562 939 2629 obesam
981 2564 1060 2629 ad
1100 2588 1359 2629 uxorem
1402 2568 1601 2632 redis:

594 2687 669 2747 Et
709 2702 1067 2748 aestuantes
1104 2685 1293 2748 docte
1332 2684 1526 2768 solvis
1562 2685 1893 2772 pantices,

686 2804 971 2890 Olusque
1006 2803 1231 2867 lambis
1270 2806 1500 2867 saviis.

593 2925 777 2986 Nunc
818 2921 1001 2986 laede
1028 2969 1046 3000 ,
1090 2945 1256 2986 nunc
1299 2922 1567 3000 lacesse,
1604 2925 1657 2986 si
1700 2921 2054 3010 quidquam
2093 2914 2298 2984 vales!

684 3043 765 3103 Et
808 3063 1030 3106 nomen
1066 3039 1359 3106 adscribo
1400 3059 1614 3104 tuum.

592 3159 870 3225 Cinaede
912 3162 1102 3238 Luci,
1144 3183 1256 3238 en,
1299 3181 1365 3225 te
1407 3161 1806 3249 reliquerunt
1849 3179 2044 3245 opes;

692 3283 1001 3366 Fameque
1042 3284 1306 3370 genuini
1346 3299 1639 3368 crepant.
1749 3261 1756 3272 ’

597 3398 843 3464 videbo
885 3397 1215 3463 habentem
1261 3419 1511 3487 praeter
1552 3403 1814 3489 ignavos
1847 3392 2015 3460 nihil

694 3521 987 3594 Fratres,
1028 3535 1091 3580 et
1134 3521 1369 3582 iratum
1408 3523 1653 3595 Iovem,

598 3639 1002 3725 scissumque
1043 3655 1360 3714 ventrem,
1401 3654 1464 3701 et
1507 3634 1786 3701 herniosi
1823 3633 2040 3721 patrui

696 3753 891 3818 Pedes
932 3753 1146 3818 inedia
1187 3755 1504 3846 turgidos.

2165 4082 2222 4124 ιδ
