3400 5175
1014 622 1482 679 Aznmnos
1546 624 1720 677 mn.
1785 625 1914 677 xt.
2059 600 2222 707 607
2351 602 2492 677 181

634 758 1085 844 Adventusque
1125 754 1328 819 viriim
1376 753 1801 841 fremitusque
1841 754 2116 819 ardescit
2163 777 2498 843 equorum.

627 879 889 962 Iamque
928 852 1115 938 intra·
1141 877 1381 939 iactum
1426 875 1537 937 teli
1582 896 1950 963 progressus
1991 893 2263 962 uterque

631 992 1046 1057 Substiterat:
1081 992 1299 1057 subito
1330 1013 1672 1081 erumpunt
1707 994 2018 1071 clamore,
2043 992 2506 1082 frementesque

631 1111 1071 1176 Exhortantur
1106 1134 1343 1201 equos;
1384 1109 1660 1175 fundunt
1702 1112 1893 1175 simul
1935 1110 2223 1199 undique
2263 1111 2393 1175 tela

632 1228 870 1293 Crebra
913 1232 1079 1292 nivis
1120 1234 1290 1305 ritu,
1327 1228 1708 1317 caelumque
1747 1228 2082 1294 obtexitur
2121 1230 2374 1294 umbra.

629 1350 947 1411 Continuo
982 1346 1261 1411 adversis
1298 1346 1667 1437 Tyrrhenus
1708 1366 1772 1410 et
1813 1372 1954 1413 acer
1996 1354 2312 1413 Aconteus

633 1470 908 1531 Gonnixi
948 1473 1283 1529 incurrunt
1323 1465 1551 1543 hastis,
1591 1470 1910 1553 primique
1953 1470 2198 1529 ruinam

632 1590 797 1649 Dant
839 1588 1054 1648 sonitu
1096 1589 1375 1677 ingenti,
1416 1583 1874 1672 perfractaque
1915 1582 2508 1671 quadrupedantum

633 1708 897 1768 Pectora
932 1704 1304 1791 pectoribus
1342 1724 1643 1791 rumpunt
1671 1750 1687 1765 .
1731 1708 2050 1767 Excussus
2091 1708 2448 1781 Aconteus,

636 1823 943 1886 Fulminis
981 1827 1047 1887 in
1084 1846 1348 1900 morem,
1392 1840 1503 1886 aut
1546 1842 1860 1887 tormento
1903 1821 2198 1910 ponderis
2233 1826 2395 1901 acti,

636 1944 1025 2029 Praecipitat
1066 1942 1290 2031 longe,
1334 1960 1396 2005 et
1434 1946 1631 2006 vitam
1674 1942 1990 2033 dispergit
2033 1944 2100 2007 in
2135 1964 2349 2007 auras.

636 2059 973 2147 Extemplo
1013 2059 1305 2125 turbatae
1345 2064 1545 2139 acies,
1588 2066 1884 2151 versique
1925 2065 2140 2127 Latini

635 2180 961 2241 Reiiciuut
1006 2198 1281 2264 parmas,
1325 2196 1389 2241 et
1433 2202 1630 2268 equos
1670 2180 1750 2246 ad
1793 2184 2031 2245 moenia
2074 2197 2365 2245 vertunt.

636 2298 830 2360 Troes
872 2315 1107 2386 agunt:
1152 2301 1449 2384 princeps
1491 2318 1728 2363 turmas
1769 2299 2022 2365 inducit
2067 2300 2296 2388 Asylas
2321 2344 2336 2360 .

634 2418 897 2503 Iamque
940 2413 1457 2502 propinquabant
1498 2422 1740 2504 portiS,
1783 2440 2125 2505 rursusque
2165 2420 2380 2483 Latini

633 2535 979 2598 Clamorem
1024 2534 1295 2610 tollunt,
1336 2552 1399 2598 et
1440 2536 1657 2600 mollia
1698 2536 1864 2600 colla
1904 2535 2267 2630 reflectunt:

634 2657 719 2716 Hi
760 2649 1061 2743 fugiunt,
1106 2657 1494 2740 penitusque
1534 2654 1699 2718 datis
1740 2653 2110 2718 referuntur
2149 2651 2438 2720 habenis.

632 2771 855 2852 Qualis
896 2769 1005 2834 ubi
1048 2770 1293 2835 alterno
1336 2795 1710 2857 procurrens
1754 2775 2014 2864 gurgite
2053 2787 2284 2859 pontus

640 2893 827 2953 Nunc
871 2893 999 2953 ruit
1038 2888 1114 2953 ad
1160 2909 1387 2968 terras,
1432 2892 1860 2981 scopulosque
1898 2893 2246 2978 superiacit
2279 2889 2512 2972 undam

635 3011 971 3096 Spumeus,
1012 3029 1487 3096 extremamque
1526 3015 1667 3075 sinu
1715 3007 2044 3099 perfundit
2085 3031 2364 3072 arenam:

636 3131 822 3193 Nunc
860 3127 1123 3214 rapidus
1164 3135 1364 3206 retto',
1404 3147 1599 3217 atque
1640 3147 1818 3196 aestu
1861 3128 2154 3193 revoluta
2191 3127 2512 3194 resorbens

638 3251 800 3310 Saxa
840 3244 1047 3338 fugit,
1089 3247 1377 3336 litusque
1411 3249 1576 3314 vado
1618 3248 1873 3314 labente
1914 3247 2261 3336 relinquit.

641 3370 745 3429 Bis
784 3371 979 3430 Tusci
1022 3365 1298 3429 Rutulos
1338 3388 1527 3457 egere
1567 3368 1643 3431 ad
1684 3369 1932 3430 moenia
1973 3388 2215 3430 versos:

636 3491 741 3550 Bis
780 3491 1005 3551 reiecti
1048 3491 1237 3550 armis
1280 3506 1637 3572 respectant
1682 3507 1861 3575 terga
1903 3501 2229 3574 tegentes.

637 3611 857 3670 Tertia
896 3607 1003 3670 sed
1047 3626 1383 3693 postquam
1417 3607 1737 3696 congressi
1774 3607 1838 3667 in
1877 3603 2117 3690 proelia
2157 3619 2322 3664 totas

639 3709 1025 3813 Implic⁰uere
1067 3729 1232 3788 inter
1272 3747 1336 3788 se
1378 3729 1574 3803 acies,
1617 3726 1911 3814 legitque
1952 3721 2158 3784 virum
2196 3723 2338 3794 vir;

642 3849 806 3909 Tum
830 3867 985 3910 vero
1012 3863 1075 3907 et
1099 3847 1377 3934 gemitus
1400 3849 1774 3909 morientum
1793 3885 1810 3916 ,
1838 3855 1900 3900 et
1927 3837 2233 3924 sanguine
2261 3835 2326 3898 in
2356 3830 2488 3894 alto

640 3969 995 4052 Armaque,
1039 3985 1467 4053 corporaque.
1508 3983 1573 4026 et
1614 3959 1921 4051 permixti
1957 3953 2149 4020 caede
2189 3954 2468 4018 virorum
