3400 5175
1059 468 1174 543 .32
1706 484 2389 540 1’.v1RGIL11
2586 464 2745 540 803

1165 615 1333 703 Nec,
1375 625 1493 713 qui
1529 624 1881 710 pampineis
1918 622 2128 684 victor
2172 618 2325 706 iuga
2364 614 2567 679 flectit
2611 615 2911 697 habenis,

1165 744 1393 824 Liber,
1437 765 1631 835 agens
1669 742 1842 805 celso
1884 742 2097 828 Nysae
2138 735 2217 799 de
2254 742 2501 800 vertice
2542 740 2777 827 tigres.

1165 868 1249 927 Et
1290 862 1663 928 dubitamus
1698 859 1906 924 adhuc
1947 860 2255 920 virtutem
2299 856 2648 920 extendere
2688 850 2921 921 factis?

1167 989 1302 1046 Aut
1346 999 1550 1045 metus
1595 981 1877 1042 Ausonia
1918 972 2219 1063 prohibet
2260 980 2605 1039 consistere
2647 969 2861 1040 terra?

1168 1102 1326 1181 Quis
1369 1098 1595 1187 procul
1637 1097 1753 1161 ille
1794 1114 2007 1159 autem
2048 1096 2237 1159 ramis
2281 1098 2553 1186 insignis
2604 1096 2813 1159 olivae

1171 1224 1364 1282 Sacra
1405 1210 1658 1281 ferens?
1699 1220 1907 1279 Nosco
1946 1217 2152 1277 crines
2196 1218 2559 1304 incanaque
2600 1234 2805 1280 menta

1169 1340 1369 1430 Regis
1413 1338 1713 1415 Romani3
1761 1337 2027 1421 primam
2070 1337 2185 1421 qui
2224 1332 2474 1427 legibus
2514 1333 2731 1399 urbem

1167 1456 1535 1535 Fundabit,
1576 1452 1855 1518 Curibus
1896 1454 2111 1539 parvis
2150 1470 2213 1515 et
2249 1475 2528 1540 paupere
2572 1472 2738 1517 terra

1169 1582 1410 1643 Missus
1452 1580 1516 1641 in
1559 1576 1900 1661 imperium
1944 1594 2267 1662 magnum.
2311 1575 2429 1635 Cui
2470 1572 2698 1637 deinde
2736 1571 3021 1650 subibit,

1173 1700 1328 1760 Otia
1371 1699 1488 1784 qui
1529 1712 1783 1780 rumpet
1822 1694 2103 1778 patriae,
2139 1691 2501 1780 residesque
2540 1692 2818 1757 movebit

1171 1817 1408 1880 Tullus
1446 1818 1512 1877 in
1551 1836 1724 1877 arma
1765 1815 1971 1889 viros,
2013 1828 2075 1875 et
2120 1814 2245 1875 iam
2286 1811 2551 1876 desueta
2593 1812 2936 1899 triumphis

1173 1934 1490 2025 Agmina.
1532 1935 1738 2012 Quem*
1775 1932 1959 1994 iuxta
1996 1932 2291 2017 sequitur
2328 1934 2670 1993 iactantior
2707 1937 2961 2009 Ancus,

1177 2057 1368 2117 Nunc
1409 2073 1670 2140 quoque
1695 2053 1819 2114 iam
1836 2054 2093 2165 nimiupi
2114 2049 2397 2139 gaudens
2420 2049 2837 2137 popularibus
2870 2055 3041 2115 auris
3060 2097 3087 2114 .

1177 2174 1294 2233 Vis
1336 2189 1400 2232 et
1441 2172 1828 2258 Tarquinios
1870 2192 2082 2259 reges,
2125 2176 2522 2258 animamque
2564 2170 2895 2258 superbam

1175 2290 1420 2354 Vltoris
1461 2291 1679 2367 Bruti,
1724 2284 2051 2376 fascesque
2090 2288 2309 2353 videre
2349 2283 2678 2376 receptos?

1177 2408 1477 2472 Consulis
1519 2410 1852 2494 imperium
1896 2403 2003 2468 hic
2046 2410 2287 2493 primus
2320 2432 2667 2498 saevasque
2706 2430 2959 2474 secures

1181 2530 1519 2616 Accipiet:
1562 2546 1875 2615 natosque
1916 2542 2129 2615 pater,
2170 2548 2334 2591 nova
2366 2525 2540 2592 bella
2578 2546 2937 2609 moventes,

1178 2648 1282 2714 Ad
1325 2669 1590 2734 poenam
1630 2645 1906 2734 pulchra
1944 2669 2058 2734 pro
2096 2647 2399 2712 libertate
2439 2649 2733 2715 vocabit.

1176 2766 1460 2844 Infelix,
1501 2785 1857 2854 utcumque
1900 2763 2105 2830 ferent
2146 2790 2223 2830 ea
2268 2765 2441 2832 facta
2482 2765 2779 2834 minores!

1177 2893 1420 2953 Vincet
1463 2910 1634 2950 amor
1677 2889 1969 2974 patriae,
2010 2886 2397 2976 laudumque
2440 2891 2737 2953 immensa
2764 2890 3041 2978 cupido.

1175 3011 1349 3088 Quin
1386 3010 1648 3082 DecioS,
1693 3011 2061 3095 Drusosque
2102 3006 2363 3094 procul,
2404 3030 2793 3096 saevumque
2832 3015 3048 3073 securi

1181 3125 1464 3213 Adspice
1507 3129 1909 3213 Torquatum
1931 3174 1948 3204 ,
1978 3145 2040 3190 et
2082 3125 2461 3192 referentem
2494 3129 2675 3218 signa
2704 3130 3081 3209 Camillum,

1179 3244 1345 3309 Illae
1391 3261 1639 3322 autem,
1680 3245 1943 3332 paribus
1984 3269 2145 3334 quas
2186 3243 2436 3337 fulgere
2478 3252 2683 3310 cernis
2722 3251 2788 3310 in
2828 3254 3058 3328 armis,

1151 3364 1538 3436 ,Concordes
1583 3368 1830 3428 animae
1874 3389 2083 3446 nunc,
2124 3385 2187 3429 et
2230 3365 2377 3428 dum
2422 3386 2609 3430 nocte
2644 3391 3055 3453 premuntur,

1183 3487 1330 3547 Heu
1374 3500 1684 3570 quantum
1730 3489 1898 3546 inter
1938 3509 2002 3548 se
2042 3485 2315 3564 bellum,
2354 3487 2403 3548 si
2446 3485 2685 3550 lumina
2718 3489 2897 3550 vitae

1185 3605 1590 3692 Attigerint,
1634 3625 1910 3692 quantas
1952 3609 2120 3668 acies
2158 3622 2559 3695 stragemque
2598 3599 2894 3668 ciebunt!

1187 3721 1555 3814 Aggeribus
1595 3745 1773 3787 socer
1811 3725 2066 3810 Alpinis
2105 3743 2301 3811 atque
2334 3746 2481 3786 arce
2521 3727 2816 3786 Monoeci

1185 3842 1624 3922 Descendens,
1666 3867 1862 3934 gener
1898 3843 2177 3908 adversis
2220 3849 2573 3908 instructus
2612 3847 2796 3908 Eois.
