3400 5175
1027 564 1138 665 64
1657 584 1731 635 1².
1832 582 2363 637 v1n01L11
2561 582 2723 667 747

1126 723 1379 781 Venatu
1424 739 1774 793 nemorum,
1816 715 1991 780 duris
2035 718 2393 804 Aequicula
2434 718 2677 808 glebis.

1125 841 1372 901 Armati
1419 856 1643 901 terram
1686 857 2020 912 exercent,
2064 858 2438 924 semperque
2475 856 2759 903 recentes

1125 958 1521 1019 Convectare
1565 959 1748 1019 iuvat
1792 955 2087 1040 praedas,
2127 974 2189 1018 et
2231 960 2451 1021 vivere
2492 978 2703 1045 rapto.

1233 1076 1402 1155 Quin
1440 1092 1504 1136 et
1551 1079 1876 1137 Marruvia
1918 1078 2093 1138 venit
2138 1074 2215 1139 de
2254 1096 2445 1166 gente
2482 1076 2807 1155 sacerdos,

1131 1193 1379 1257 Fronde
1419 1216 1611 1279 super
1649 1193 1899 1284 galeam
1942 1212 2007 1257 et
2048 1190 2225 1257 felici
2269 1214 2513 1259 comtus
2552 1197 2755 1274 oliva,

1131 1311 1449 1399 Archippi·
1493 1318 1663 1404 regis
1704 1319 1927 1391 missu,
1968 1310 2349 1378 fortissimus
2390 1314 2655 1380 Vmbro:

1053 1428 1080 1447 ⁸
1133 1436 1408 1519 Vipereo
1449 1438 1668 1525 generi
1714 1452 1775 1496 et
1816 1436 2104 1523 graviter
2142 1434 2535 1521 spirantibus
2576 1434 2799 1523 hydris

1133 1556 1445 1643 Spargere
1487 1558 1600 1642 qui
1645 1576 1891 1619 somnos
1931 1573 2254 1642 cantuque
2296 1578 2610 1643 manuque
2650 1553 2933 1633 solebat,

1135 1674 1604 1762 Mulcebatque
1648 1678 1813 1749 iras,
1856 1693 1919 1737 et
1960 1696 2200 1738 morsus
2237 1694 2376 1739 arte
2417 1675 2703 1740 levabat.

1131 1793 1256 1858 Sed
1297 1816 1422 1857 non
1471 1794 1829 1858 Dardaniae
1870 1795 2170 1859 medicari
2214 1794 2495 1883 cuspidis
2538 1797 2739 1857 ictum

1138 1914 1441 1989 Evaluitt,
1489 1896 1692 2001 neque
1733 1937 1873 1977 eum
1918 1917 2137 1979 iuvere
2178 1917 2243 1978 in
2281 1914 2547 1979 vulnera
2586 1932 2812 1977 cantus

1140 2030 1518 2109 somniferi,
1558 2053 1620 2095 et
1671 2037 1901 2096 Marsis
1940 2037 2271 2121 quaesitae
2313 2032 2626 2097 montibus
2666 2030 2931 2096 herbae.

1137 2157 1228 2218 Te
1269 2177 1484 2217 nemus
1531 2158 1913 2245 Anguitiae,
1956 2158 2162 2217 vitrea
2194 2175 2259 2217 te
2298 2156 2581 2218 Fucinus
2620 2152 2833 2230 unda,

1139 2276 1234 2338 Te
1277 2275 1520 2364 liquidi
1562 2270 1793 2338 flev'ere
1834 2276 2039 2340 lacus.
2838 2344 2845 2355 .

1243 2394 1385 2458 Ibat
1428 2413 1489 2457 et
1534 2395 1881 2483 Hippolyti
1928 2395 2134 2481 proles
2171 2391 2597 2482 pulcherrima
2635 2389 2807 2456 bello

1143 2513 1438 2579 Virbius:
1483 2519 1791 2606 insignem
1832 2537 2017 2604 quem
2059 2531 2257 2578 mater
2301 2516 2515 2576 Aricia
2555 2514 2763 2588 misit,

1141 2633 1460 2698 Eductum
1505 2638 1780 2726 Egeriae
1825 2635 2020 2710 lucia,
2066 2633 2396 2696 humentia
2432 2635 2667 2696 circum

1041 2841 1050 2848 ·
1141 2757 1398 2832 Litora,
1439 2758 1698 2846 pinguis
1740 2754 1854 2818 ubi
1896 2775 1959 2818 et
2002 2753 2349 2840 placabilis
2389 2775 2497 2815 ara
2532 2753 2809 2814 Dianae.

1141 2871 1433 2962 Namque
1463 2870 1670 2938 ferunt
1689 2871 1851 2938 fama
1874 2875 2319 2964 Hippolytum,
2336 2891 2667 2962 postquam
2682 2890 2817 2936 arte
2833 2893 3139 2943 novercae

1143 2994 1502 3072 Occiderit,
1545 2999 1910 3082 patriasque
1949 2994 2226 3080 explerit
2268 2998 2573 3084 sanguine
2615 3015 2849 3080 poenas

1145 3111 1454 3174 Turbatis
1495 3112 1841 3177 distractus
1882 3116 2099 3200 equis,
2131 3114 2209 3178 ad
2250 3113 2457 3178 sidera
2496 3135 2713 3176 rursus

1145 3229 1454 3294 Aetheria
1491 3251 1554 3294 et
1590 3255 1847 3318 superas
1886 3234 2053 3298 caeli
2094 3237 2337 3306 venisse
2378 3231 2500 3300 sub
2541 3253 2757 3307 auras,

1145 3351 1412 3414 Paeonis
1455 3373 1820 3416 revocatum
1864 3351 2077 3418 herbis
2116 3372 2181 3416 et
2226 3375 2435 3416 amore
2480 3354 2756 3414 Dianae.

1147 3473 1307 3532 Tum
1333 3473 1518 3534 Pater
1541 3475 1969 3559 omnipotens,
2008 3474 2285 3560 aliquem
2314 3470 2685 3561 indignatus
2698 3465 2776 3535 ab
2801 3465 3048 3532 umbris

1145 3591 1483 3653 Mortalem
1526 3588 1793 3655 infernis
1832 3592 1911 3656 ad
1955 3593 2193 3657 lumina
2230 3613 2486 3682 surgere
2525 3593 2733 3667 vitae,
2770 3611 2777 3617 ·

1144 3711 1291 3796 Ipse
1335 3729 1717 3797 repertorem
1758 3711 2109 3776 medicinae
2152 3711 2299 3775 talis
2339 3729 2402 3773 et
2442 3711 2599 3772 artis

1139 3829 1430 3893 Fulmine
1474 3829 1937 3921 Phoebigenam
1980 3833 2242 3920 Stygias
2284 3829 2561 3893 detrusit
2609 3825 2690 3891 ad
2722 3823 2958 3889 undas.

1140 3953 1224 4012 At
1268 3953 1488 4016 Trivia
1529 3951 1969 4041 Hippolytum
2014 3953 2276 4016 secretis
2314 3950 2481 4014 alma
2520 3945 2810 4012 recondit
