<?xml version="1.0" encoding="UTF-8"?>
<!DOCTYPE html PUBLIC "-//W3C//DTD XHTML 1.0 Transitional//EN"
    "http://www.w3.org/TR/xhtml1/DTD/xhtml1-transitional.dtd">
<html xmlns="http://www.w3.org/1999/xhtml" xml:lang="en" lang="en">
 <head>
  <title>
</title>
<meta http-equiv="Content-Type" content="text/html;charset=utf-8" />
  <meta name='ocr-system' content='tesseract 3.04.00' />
  <meta name='ocr-capabilities' content='ocr_page ocr_carea ocr_par ocr_line ocrx_word'/>
</head>
<body>
  <div class='ocr_page' id='page_1' title='image "./pvirgiliimaroni04unkngoog/pvirgiliimaroni04unkngoog_0140.png"; bbox 0 0 3400 5175; ppageno 0'>
   <div class='ocr_carea' id='block_1_1' title="bbox 1002 526 2740 690">
    <p class='ocr_par' dir='ltr' id='par_1_1' title="bbox 1002 526 2740 690">
     <span class='ocr_line' id='line_1_1' title="bbox 1002 526 2740 690; baseline 0.001 -29"><span class='ocrx_word' id='word_1_1' title='bbox 1002 582 1155 687; x_wconf 82' lang='lat'>134</span> <span class='ocrx_word' id='word_1_2' title='bbox 1498 588 1551 609; x_wconf 74' lang='lat'>’‘</span> <span class='ocrx_word' id='word_1_3' title='bbox 1618 605 1692 659; x_wconf 74' lang='grc' dir='ltr'>ι».</span> <span class='ocrx_word' id='word_1_4' title='bbox 1745 526 2323 659; x_wconf 30' lang='lat' dir='ltr'>‘V11tt411211</span> <span class='ocrx_word' id='word_1_5' title='bbox 2577 586 2740 690; x_wconf 78' lang='lat'>243</span> 
     </span>
    </p>
   </div>
   <div class='ocr_carea' id='block_1_2' title="bbox 1075 734 2994 4050">
    <p class='ocr_par' dir='ltr' id='par_1_2' title="bbox 1075 734 2994 4050">
     <span class='ocr_line' id='line_1_2' title="bbox 1078 734 2759 828; baseline 0.002 -27"><span class='ocrx_word' id='word_1_6' title='bbox 1078 741 1399 803; x_wconf 77' lang='lat' dir='ltr'>Invictum</span> <span class='ocrx_word' id='word_1_7' title='bbox 1446 739 1860 828; x_wconf 76' lang='lat' dir='ltr'>Ignipotens,</span> <span class='ocrx_word' id='word_1_8' title='bbox 1893 753 2090 824; x_wconf 86' lang='lat' dir='ltr'>atque</span> <span class='ocrx_word' id='word_1_9' title='bbox 2123 758 2264 799; x_wconf 83' lang='lat' dir='ltr'>oras</span> <span class='ocrx_word' id='word_1_10' title='bbox 2303 734 2528 801; x_wconf 88' lang='lat' dir='ltr'>ambiit</span> <span class='ocrx_word' id='word_1_11' title='bbox 2575 760 2759 803; x_wconf 83' lang='lat' dir='ltr'>auro.</span> 
     </span>
     <span class='ocr_line' id='line_1_3' title="bbox 1078 855 2760 943; baseline -0.001 -21"><span class='ocrx_word' id='word_1_12' title='bbox 1078 862 1375 922; x_wconf 78' lang='lat' dir='ltr'>Crastina</span> <span class='ocrx_word' id='word_1_13' title='bbox 1416 858 1563 931; x_wconf 84' lang='lat' dir='ltr'>lux,</span> <span class='ocrx_word' id='word_1_14' title='bbox 1598 879 1736 921; x_wconf 87' lang='lat' dir='ltr'>mea</span> <span class='ocrx_word' id='word_1_15' title='bbox 1777 859 1830 920; x_wconf 84' lang='lat' dir='ltr'>si</span> <span class='ocrx_word' id='word_1_16' title='bbox 1872 876 1992 919; x_wconf 88' lang='lat' dir='ltr'>non</span> <span class='ocrx_word' id='word_1_17' title='bbox 2035 858 2220 919; x_wconf 88' lang='lat' dir='ltr'>irrita</span> <span class='ocrx_word' id='word_1_18' title='bbox 2257 855 2434 920; x_wconf 87' lang='lat' dir='ltr'>dicta</span> <span class='ocrx_word' id='word_1_19' title='bbox 2476 860 2760 943; x_wconf 80' lang='lat' dir='ltr'>putaris,</span> 
     </span>
     <span class='ocr_line' id='line_1_4' title="bbox 1075 973 2654 1068; baseline 0 -26"><span class='ocrx_word' id='word_1_20' title='bbox 1075 982 1376 1068; x_wconf 81' lang='lat' dir='ltr'>Ingentes</span> <span class='ocrx_word' id='word_1_21' title='bbox 1420 976 1704 1039; x_wconf 81' lang='lat' dir='ltr'><strong>Rutulae</strong></span> <span class='ocrx_word' id='word_1_22' title='bbox 1744 973 2060 1061; x_wconf 76' lang='lat' dir='ltr'>spectabit</span> <span class='ocrx_word' id='word_1_23' title='bbox 2101 976 2314 1040; x_wconf 84' lang='lat' dir='ltr'>caedis</span> <span class='ocrx_word' id='word_1_24' title='bbox 2351 998 2608 1043; x_wconf 84' lang='lat' dir='ltr'>acervos</span> <span class='ocrx_word' id='word_1_25' title='bbox 2636 1023 2654 1042; x_wconf 86' lang='lat'><strong>.</strong></span> 
     </span>
     <span class='ocr_line' id='line_1_5' title="bbox 1082 1095 2686 1181; baseline -0.001 -20"><span class='ocrx_word' id='word_1_26' title='bbox 1082 1102 1383 1161; x_wconf 84' lang='lat' dir='ltr'>Dixerat:</span> <span class='ocrx_word' id='word_1_27' title='bbox 1425 1116 1489 1161; x_wconf 89' lang='lat' dir='ltr'>et</span> <span class='ocrx_word' id='word_1_28' title='bbox 1526 1097 1756 1161; x_wconf 85' lang='lat' dir='ltr'>dextra</span> <span class='ocrx_word' id='word_1_29' title='bbox 1791 1095 2126 1160; x_wconf 78' lang='lat' dir='ltr'>discedens</span> <span class='ocrx_word' id='word_1_30' title='bbox 2162 1096 2422 1181; x_wconf 87' lang='lat' dir='ltr'>impulit</span> <span class='ocrx_word' id='word_1_31' title='bbox 2461 1096 2686 1173; x_wconf 79' lang='lat' dir='ltr'>altam,</span> 
     </span>
     <span class='ocr_line' id='line_1_6' title="bbox 1080 1208 2891 1307; baseline -0.001 -27"><span class='ocrx_word' id='word_1_32' title='bbox 1080 1208 1263 1280; x_wconf 84' lang='lat' dir='ltr'>Haud</span> <span class='ocrx_word' id='word_1_33' title='bbox 1302 1220 1522 1305; x_wconf 88' lang='lat' dir='ltr'>ignara</span> <span class='ocrx_word' id='word_1_34' title='bbox 1562 1215 1764 1293; x_wconf 86' lang='lat' dir='ltr'>modi,</span> <span class='ocrx_word' id='word_1_35' title='bbox 1801 1219 2099 1303; x_wconf 84' lang='lat' dir='ltr'><strong>puppim.</strong></span> <span class='ocrx_word' id='word_1_36' title='bbox 2143 1220 2338 1307; x_wconf 85' lang='lat' dir='ltr'>Fugit</span> <span class='ocrx_word' id='word_1_37' title='bbox 2381 1217 2494 1279; x_wconf 88' lang='lat' dir='ltr'>illa</span> <span class='ocrx_word' id='word_1_38' title='bbox 2539 1238 2652 1303; x_wconf 89' lang='lat' dir='ltr'>per</span> <span class='ocrx_word' id='word_1_39' title='bbox 2689 1212 2891 1279; x_wconf 74' lang='lat' dir='ltr'>undas</span> 
     </span>
     <span class='ocr_line' id='line_1_7' title="bbox 1082 1331 2655 1426; baseline -0.001 -27"><span class='ocrx_word' id='word_1_40' title='bbox 1082 1340 1273 1401; x_wconf 87' lang='lat' dir='ltr'>Ocior</span> <span class='ocrx_word' id='word_1_41' title='bbox 1312 1354 1376 1398; x_wconf 93' lang='lat' dir='ltr'>et</span> <span class='ocrx_word' id='word_1_42' title='bbox 1418 1331 1627 1399; x_wconf 86' lang='lat' dir='ltr'>iaculo</span> <span class='ocrx_word' id='word_1_43' title='bbox 1668 1352 1732 1401; x_wconf 90' lang='lat' dir='ltr'>et</span> <span class='ocrx_word' id='word_1_44' title='bbox 1775 1352 1996 1401; x_wconf 81' lang='lat' dir='ltr'>ventos</span> <span class='ocrx_word' id='word_1_45' title='bbox 2033 1354 2348 1423; x_wconf 84' lang='lat' dir='ltr'>aequante</span> <span class='ocrx_word' id='word_1_46' title='bbox 2386 1338 2655 1426; x_wconf 78' lang='lat' dir='ltr'>sagitta.</span> 
     </span>
     <span class='ocr_line' id='line_1_8' title="bbox 1082 1454 2784 1541; baseline -0.001 -24"><span class='ocrx_word' id='word_1_47' title='bbox 1082 1454 1237 1518; x_wconf 88' lang='lat' dir='ltr'>Inde</span> <span class='ocrx_word' id='word_1_48' title='bbox 1276 1455 1447 1519; x_wconf 89' lang='lat' dir='ltr'>aliae</span> <span class='ocrx_word' id='word_1_49' title='bbox 1486 1454 1767 1519; x_wconf 77' lang='lat' dir='ltr'>celerant</span> <span class='ocrx_word' id='word_1_50' title='bbox 1809 1477 2068 1519; x_wconf 85' lang='lat' dir='ltr'>cursus.</span> <span class='ocrx_word' id='word_1_51' title='bbox 2094 1460 2326 1541; x_wconf 84' lang='lat' dir='ltr'><strong>Stupet</strong></span> <span class='ocrx_word' id='word_1_52' title='bbox 2363 1458 2604 1518; x_wconf 84' lang='lat' dir='ltr'>inscius</span> <span class='ocrx_word' id='word_1_53' title='bbox 2647 1457 2784 1539; x_wconf 86' lang='lat' dir='ltr'>ipse</span> 
     </span>
     <span class='ocr_line' id='line_1_9' title="bbox 1086 1572 2762 1639; baseline -0.001 -2"><span class='ocrx_word' id='word_1_54' title='bbox 1086 1576 1245 1637; x_wconf 85' lang='lat' dir='ltr'>Tros</span> <span class='ocrx_word' id='word_1_55' title='bbox 1291 1572 1742 1639; x_wconf 80' lang='lat' dir='ltr'>Anchisiades:</span> <span class='ocrx_word' id='word_1_56' title='bbox 1784 1576 2025 1639; x_wconf 84' lang='lat' dir='ltr'>animos</span> <span class='ocrx_word' id='word_1_57' title='bbox 2067 1592 2272 1638; x_wconf 87' lang='lat' dir='ltr'>tamen</span> <span class='ocrx_word' id='word_1_58' title='bbox 2306 1579 2512 1639; x_wconf 87' lang='lat' dir='ltr'>omine</span> <span class='ocrx_word' id='word_1_59' title='bbox 2555 1573 2762 1638; x_wconf 87' lang='lat' dir='ltr'>tollit.</span> 
     </span>
     <span class='ocr_line' id='line_1_10' title="bbox 1088 1692 2956 1782; baseline -0.001 -27"><span class='ocrx_word' id='word_1_60' title='bbox 1088 1696 1247 1755; x_wconf 88' lang='lat' dir='ltr'>Tum</span> <span class='ocrx_word' id='word_1_61' title='bbox 1292 1692 1575 1759; x_wconf 80' lang='lat' dir='ltr'>breviter</span> <span class='ocrx_word' id='word_1_62' title='bbox 1615 1716 1844 1781; x_wconf 88' lang='lat' dir='ltr'>supera</span> <span class='ocrx_word' id='word_1_63' title='bbox 1883 1694 2258 1782; x_wconf 83' lang='lat' dir='ltr'>adspectans</span> <span class='ocrx_word' id='word_1_64' title='bbox 2299 1716 2582 1759; x_wconf 82' lang='lat' dir='ltr'>convexa</span> <span class='ocrx_word' id='word_1_65' title='bbox 2626 1710 2956 1782; x_wconf 83' lang='lat' dir='ltr'>precatur:</span> 
     </span>
     <span class='ocr_line' id='line_1_11' title="bbox 1086 1810 2787 1905; baseline 0.001 -31"><span class='ocrx_word' id='word_1_66' title='bbox 1086 1812 1268 1875; x_wconf 81' lang='lat' dir='ltr'>Alma</span> <span class='ocrx_word' id='word_1_67' title='bbox 1310 1834 1531 1898; x_wconf 84' lang='lat' dir='ltr'>parens</span> <span class='ocrx_word' id='word_1_68' title='bbox 1574 1810 1767 1877; x_wconf 80' lang='lat' dir='ltr'>Idaea</span> <span class='ocrx_word' id='word_1_69' title='bbox 1806 1811 2024 1891; x_wconf 73' lang='lat' dir='ltr'>defini,</span> <span class='ocrx_word' id='word_1_70' title='bbox 2065 1818 2170 1881; x_wconf 84' lang='lat' dir='ltr'>cui</span> <span class='ocrx_word' id='word_1_71' title='bbox 2213 1814 2534 1905; x_wconf 80' lang='lat' dir='ltr'>Dindyma</span> <span class='ocrx_word' id='word_1_72' title='bbox 2569 1812 2787 1890; x_wconf 88' lang='lat' dir='ltr'>cordi,</span> 
     </span>
     <span class='ocr_line' id='line_1_12' title="bbox 1082 1925 2883 2025; baseline 0 -32"><span class='ocrx_word' id='word_1_73' title='bbox 1082 1932 1599 2019; x_wconf 84' lang='lat' dir='ltr'>Turrigeraeque</span> <span class='ocrx_word' id='word_1_74' title='bbox 1638 1925 1866 2009; x_wconf 78' lang='lat' dir='ltr'>urbes,</span> <span class='ocrx_word' id='word_1_75' title='bbox 1913 1932 2257 2025; x_wconf 84' lang='lat' dir='ltr'>biiugique</span> <span class='ocrx_word' id='word_1_76' title='bbox 2295 1932 2374 1997; x_wconf 88' lang='lat' dir='ltr'>ad</span> <span class='ocrx_word' id='word_1_77' title='bbox 2417 1931 2590 1999; x_wconf 88' lang='lat' dir='ltr'>frena</span> <span class='ocrx_word' id='word_1_78' title='bbox 2637 1934 2883 2009; x_wconf 87' lang='lat' dir='ltr'>leones;</span> 
     </span>
     <span class='ocr_line' id='line_1_13' title="bbox 1088 2043 2986 2140; baseline 0.001 -29"><span class='ocrx_word' id='word_1_79' title='bbox 1088 2052 1185 2111; x_wconf 88' lang='lat' dir='ltr'>Tu</span> <span class='ocrx_word' id='word_1_80' title='bbox 1230 2043 1385 2111; x_wconf 86' lang='lat' dir='ltr'>mihi</span> <span class='ocrx_word' id='word_1_81' title='bbox 1430 2070 1593 2112; x_wconf 89' lang='lat' dir='ltr'>nunc</span> <span class='ocrx_word' id='word_1_82' title='bbox 1635 2070 1886 2140; x_wconf 83' lang='lat' dir='ltr'>pugnae</span> <span class='ocrx_word' id='word_1_83' title='bbox 1929 2056 2266 2139; x_wconf 88' lang='lat' dir='ltr'>princeps,</span> <span class='ocrx_word' id='word_1_84' title='bbox 2311 2068 2384 2114; x_wconf 93' lang='lat' dir='ltr'>tu</span> <span class='ocrx_word' id='word_1_85' title='bbox 2427 2054 2552 2114; x_wconf 88' lang='lat' dir='ltr'>rite</span> <span class='ocrx_word' id='word_1_86' title='bbox 2596 2052 2986 2137; x_wconf 84' lang='lat' dir='ltr'>propinques</span> 
     </span>
     <span class='ocr_line' id='line_1_14' title="bbox 1092 2166 2980 2260; baseline 0.001 -30"><span class='ocrx_word' id='word_1_87' title='bbox 1092 2170 1483 2256; x_wconf 81' lang='lat' dir='ltr'>Augurium,</span> <span class='ocrx_word' id='word_1_88' title='bbox 1524 2166 2021 2260; x_wconf 82' lang='lat' dir='ltr'>Phrygibusque</span> <span class='ocrx_word' id='word_1_89' title='bbox 2050 2170 2216 2235; x_wconf 87' lang='lat' dir='ltr'>adsis</span> <span class='ocrx_word' id='word_1_90' title='bbox 2243 2170 2400 2257; x_wconf 88' lang='lat' dir='ltr'>pede</span> <span class='ocrx_word' id='word_1_91' title='bbox 2419 2218 2438 2249; x_wconf 90' lang='lat'><strong>,</strong></span> <span class='ocrx_word' id='word_1_92' title='bbox 2463 2170 2648 2249; x_wconf 82' lang='lat' dir='ltr'>diva,</span> <span class='ocrx_word' id='word_1_93' title='bbox 2673 2170 2980 2236; x_wconf 79' lang='lat' dir='ltr'>secundo.</span> 
     </span>
     <span class='ocr_line' id='line_1_15' title="bbox 1093 2284 2662 2356; baseline 0.003 -7"><span class='ocrx_word' id='word_1_94' title='bbox 1093 2290 1363 2349; x_wconf 88' lang='lat' dir='ltr'>Tantum</span> <span class='ocrx_word' id='word_1_95' title='bbox 1408 2284 1672 2352; x_wconf 83' lang='lat' dir='ltr'>effatus:</span> <span class='ocrx_word' id='word_1_96' title='bbox 1719 2308 1783 2352; x_wconf 92' lang='lat' dir='ltr'>et</span> <span class='ocrx_word' id='word_1_97' title='bbox 1825 2293 2069 2353; x_wconf 89' lang='lat' dir='ltr'>interea</span> <span class='ocrx_word' id='word_1_98' title='bbox 2104 2290 2394 2354; x_wconf 79' lang='lat' dir='ltr'>revoluta</span> <span class='ocrx_word' id='word_1_99' title='bbox 2439 2288 2662 2356; x_wconf 87' lang='lat' dir='ltr'>ruebat</span> 
     </span>
     <span class='ocr_line' id='line_1_16' title="bbox 1097 2406 2649 2499; baseline 0.003 -32"><span class='ocrx_word' id='word_1_100' title='bbox 1097 2409 1355 2469; x_wconf 88' lang='lat' dir='ltr'>Matura</span> <span class='ocrx_word' id='word_1_101' title='bbox 1394 2409 1515 2468; x_wconf 84' lang='lat' dir='ltr'>iam</span> <span class='ocrx_word' id='word_1_102' title='bbox 1558 2407 1702 2471; x_wconf 83' lang='lat' dir='ltr'>luce</span> <span class='ocrx_word' id='word_1_103' title='bbox 1739 2408 1912 2485; x_wconf 88' lang='lat' dir='ltr'>dies,</span> <span class='ocrx_word' id='word_1_104' title='bbox 1953 2428 2330 2499; x_wconf 85' lang='lat' dir='ltr'>noctemque</span> <span class='ocrx_word' id='word_1_105' title='bbox 2364 2406 2649 2497; x_wconf 82' lang='lat' dir='ltr'>fugarat.</span> 
     </span>
     <span class='ocr_line' id='line_1_17' title="bbox 1196 2526 2661 2621; baseline 0.003 -33"><span class='ocrx_word' id='word_1_106' title='bbox 1196 2526 1523 2614; x_wconf 86' lang='lat' dir='ltr'>Principio</span> <span class='ocrx_word' id='word_1_107' title='bbox 1564 2532 1754 2594; x_wconf 84' lang='lat' dir='ltr'>sociis</span> <span class='ocrx_word' id='word_1_108' title='bbox 1790 2529 2021 2610; x_wconf 87' lang='lat' dir='ltr'>edicit,</span> <span class='ocrx_word' id='word_1_109' title='bbox 2063 2532 2241 2621; x_wconf 81' lang='lat' dir='ltr'>signa</span> <span class='ocrx_word' id='word_1_110' title='bbox 2281 2547 2661 2617; x_wconf 83' lang='lat' dir='ltr'>sequantur,</span> 
     </span>
     <span class='ocr_line' id='line_1_18' title="bbox 1094 2649 2948 2740; baseline -0.001 -30"><span class='ocrx_word' id='word_1_111' title='bbox 1094 2649 1311 2735; x_wconf 80' lang='lat' dir='ltr'>Atque</span> <span class='ocrx_word' id='word_1_112' title='bbox 1352 2651 1593 2712; x_wconf 85' lang='lat' dir='ltr'>animos</span> <span class='ocrx_word' id='word_1_113' title='bbox 1634 2669 1858 2738; x_wconf 86' lang='lat' dir='ltr'>aptent</span> <span class='ocrx_word' id='word_1_114' title='bbox 1901 2653 2121 2729; x_wconf 86' lang='lat' dir='ltr'>armis,</span> <span class='ocrx_word' id='word_1_115' title='bbox 2163 2671 2546 2740; x_wconf 82' lang='lat' dir='ltr'>pugnaeque</span> <span class='ocrx_word' id='word_1_116' title='bbox 2582 2667 2806 2738; x_wconf 89' lang='lat' dir='ltr'>parent</span> <span class='ocrx_word' id='word_1_117' title='bbox 2847 2671 2948 2712; x_wconf 82' lang='lat' dir='ltr'>se.</span> 
     </span>
     <span class='ocr_line' id='line_1_19' title="bbox 1096 2767 2972 2856; baseline 0.002 -28"><span class='ocrx_word' id='word_1_118' title='bbox 1096 2769 1359 2854; x_wconf 88' lang='lat' dir='ltr'>Iamque</span> <span class='ocrx_word' id='word_1_119' title='bbox 1400 2769 1463 2830; x_wconf 87' lang='lat' dir='ltr'>in</span> <span class='ocrx_word' id='word_1_120' title='bbox 1500 2789 1846 2856; x_wconf 87' lang='lat' dir='ltr'>conspectu</span> <span class='ocrx_word' id='word_1_121' title='bbox 1883 2773 2161 2835; x_wconf 84' lang='lat' dir='ltr'>Teucros</span> <span class='ocrx_word' id='word_1_122' title='bbox 2201 2767 2428 2846; x_wconf 90' lang='lat' dir='ltr'>habet,</span> <span class='ocrx_word' id='word_1_123' title='bbox 2471 2787 2533 2832; x_wconf 89' lang='lat' dir='ltr'>et</span> <span class='ocrx_word' id='word_1_124' title='bbox 2575 2792 2688 2832; x_wconf 87' lang='lat' dir='ltr'>sua</span> <span class='ocrx_word' id='word_1_125' title='bbox 2727 2787 2927 2832; x_wconf 85' lang='lat' dir='ltr'>castra</span> <span class='ocrx_word' id='word_1_126' title='bbox 2953 2815 2972 2846; x_wconf 90' lang='lat'><strong>,</strong></span> 
     </span>
     <span class='ocr_line' id='line_1_20' title="bbox 1096 2886 2990 2976; baseline 0.001 -28"><span class='ocrx_word' id='word_1_127' title='bbox 1096 2889 1281 2948; x_wconf 89' lang='lat' dir='ltr'>Stans</span> <span class='ocrx_word' id='word_1_128' title='bbox 1305 2886 1487 2964; x_wconf 55' lang='lat' dir='ltr'>‚celsa</span> <span class='ocrx_word' id='word_1_129' title='bbox 1530 2890 1595 2950; x_wconf 90' lang='lat' dir='ltr'>in</span> <span class='ocrx_word' id='word_1_130' title='bbox 1636 2891 1868 2975; x_wconf 83' lang='lat' dir='ltr'>puppi:</span> <span class='ocrx_word' id='word_1_131' title='bbox 1911 2889 2188 2976; x_wconf 89' lang='lat' dir='ltr'>clipeum</span> <span class='ocrx_word' id='word_1_132' title='bbox 2230 2887 2700 2976; x_wconf 78' lang='lat' dir='ltr'>quumdeinde</span> <span class='ocrx_word' id='word_1_133' title='bbox 2738 2891 2990 2951; x_wconf 84' lang='lat' dir='ltr'>sinistra</span> 
     </span>
     <span class='ocr_line' id='line_1_21' title="bbox 1096 3003 2796 3072; baseline 0.003 -8"><span class='ocrx_word' id='word_1_134' title='bbox 1096 3003 1353 3067; x_wconf 84' lang='lat' dir='ltr'>Extulit</span> <span class='ocrx_word' id='word_1_135' title='bbox 1398 3005 1756 3068; x_wconf 87' lang='lat' dir='ltr'>ardentem.</span> <span class='ocrx_word' id='word_1_136' title='bbox 1798 3007 2144 3071; x_wconf 85' lang='lat' dir='ltr'>Clamorem</span> <span class='ocrx_word' id='word_1_137' title='bbox 2188 3007 2264 3070; x_wconf 91' lang='lat' dir='ltr'>ad</span> <span class='ocrx_word' id='word_1_138' title='bbox 2307 3006 2514 3068; x_wconf 85' lang='lat' dir='ltr'>sidera</span> <span class='ocrx_word' id='word_1_139' title='bbox 2561 3006 2796 3072; x_wconf 84' lang='lat' dir='ltr'>tollunt</span> 
     </span>
     <span class='ocr_line' id='line_1_22' title="bbox 1095 3120 2808 3214; baseline 0.002 -30"><span class='ocrx_word' id='word_1_140' title='bbox 1095 3120 1501 3188; x_wconf 87' lang='lat' dir='ltr'>Dardanidae</span> <span class='ocrx_word' id='word_1_141' title='bbox 1538 3146 1573 3186; x_wconf 92' lang='lat' dir='ltr'>e</span> <span class='ocrx_word' id='word_1_142' title='bbox 1612 3129 1836 3188; x_wconf 86' lang='lat' dir='ltr'>muris.</span> <span class='ocrx_word' id='word_1_143' title='bbox 1881 3130 2036 3214; x_wconf 88' lang='lat' dir='ltr'>Spes</span> <span class='ocrx_word' id='word_1_144' title='bbox 2079 3126 2302 3191; x_wconf 88' lang='lat' dir='ltr'>addita</span> <span class='ocrx_word' id='word_1_145' title='bbox 2341 3129 2608 3188; x_wconf 87' lang='lat' dir='ltr'>suscitat</span> <span class='ocrx_word' id='word_1_146' title='bbox 2651 3128 2808 3188; x_wconf 83' lang='lat' dir='ltr'>iras.</span> 
     </span>
     <span class='ocr_line' id='line_1_23' title="bbox 1097 3238 2742 3326; baseline 0.003 -24"><span class='ocrx_word' id='word_1_147' title='bbox 1097 3238 1257 3302; x_wconf 79' lang='lat' dir='ltr'>Tela</span> <span class='ocrx_word' id='word_1_148' title='bbox 1302 3263 1487 3304; x_wconf 88' lang='lat' dir='ltr'>manu</span> <span class='ocrx_word' id='word_1_149' title='bbox 1526 3246 1802 3308; x_wconf 81' lang='lat' dir='ltr'>iaciunt.</span> <span class='ocrx_word' id='word_1_150' title='bbox 1843 3245 2080 3326; x_wconf 87' lang='lat' dir='ltr'>Quales</span> <span class='ocrx_word' id='word_1_151' title='bbox 2113 3245 2231 3309; x_wconf 84' lang='lat' dir='ltr'>sub</span> <span class='ocrx_word' id='word_1_152' title='bbox 2275 3244 2549 3308; x_wconf 86' lang='lat' dir='ltr'>nubibus</span> <span class='ocrx_word' id='word_1_153' title='bbox 2587 3247 2742 3308; x_wconf 87' lang='lat' dir='ltr'>atris</span> 
     </span>
     <span class='ocr_line' id='line_1_24' title="bbox 1100 3361 2994 3455; baseline 0.002 -33"><span class='ocrx_word' id='word_1_154' title='bbox 1100 3363 1504 3448; x_wconf 84' lang='lat' dir='ltr'>Strymoniae</span> <span class='ocrx_word' id='word_1_155' title='bbox 1544 3361 1695 3426; x_wconf 87' lang='lat' dir='ltr'>dant</span> <span class='ocrx_word' id='word_1_156' title='bbox 1739 3367 1920 3454; x_wconf 85' lang='lat' dir='ltr'>signa</span> <span class='ocrx_word' id='word_1_157' title='bbox 1961 3387 2184 3455; x_wconf 79' lang='lat' dir='ltr'>grues,</span> <span class='ocrx_word' id='word_1_158' title='bbox 2227 3382 2420 3451; x_wconf 87' lang='lat' dir='ltr'>atque</span> <span class='ocrx_word' id='word_1_159' title='bbox 2451 3363 2714 3427; x_wconf 88' lang='lat' dir='ltr'>aethera</span> <span class='ocrx_word' id='word_1_160' title='bbox 2742 3382 2994 3428; x_wconf 84' lang='lat' dir='ltr'>tranant</span> 
     </span>
     <span class='ocr_line' id='line_1_25' title="bbox 1102 3479 2844 3573; baseline 0.005 -33"><span class='ocrx_word' id='word_1_161' title='bbox 1102 3481 1261 3542; x_wconf 86' lang='lat' dir='ltr'>Cum</span> <span class='ocrx_word' id='word_1_162' title='bbox 1298 3483 1541 3558; x_wconf 82' lang='lat' dir='ltr'>sonitu,</span> <span class='ocrx_word' id='word_1_163' title='bbox 1582 3479 1973 3573; x_wconf 85' lang='lat' dir='ltr'>fugiuntque</span> <span class='ocrx_word' id='word_1_164' title='bbox 2011 3503 2191 3549; x_wconf 85' lang='lat' dir='ltr'>notos</span> <span class='ocrx_word' id='word_1_165' title='bbox 2227 3484 2504 3548; x_wconf 81' lang='lat' dir='ltr'>clamore</span> <span class='ocrx_word' id='word_1_166' title='bbox 2539 3483 2844 3550; x_wconf 86' lang='lat' dir='ltr'>secundo.</span> 
     </span>
     <span class='ocr_line' id='line_1_26' title="bbox 1102 3599 2660 3692; baseline 0.004 -34"><span class='ocrx_word' id='word_1_167' title='bbox 1102 3600 1185 3659; x_wconf 81' lang='lat' dir='ltr'>At</span> <span class='ocrx_word' id='word_1_168' title='bbox 1230 3599 1473 3663; x_wconf 89' lang='lat' dir='ltr'>Rutulo</span> <span class='ocrx_word' id='word_1_169' title='bbox 1514 3605 1648 3692; x_wconf 86' lang='lat' dir='ltr'>regi</span> <span class='ocrx_word' id='word_1_170' title='bbox 1692 3602 2094 3691; x_wconf 84' lang='lat' dir='ltr'>ducibusque</span> <span class='ocrx_word' id='word_1_171' title='bbox 2135 3626 2208 3667; x_wconf 89' lang='lat' dir='ltr'>ea</span> <span class='ocrx_word' id='word_1_172' title='bbox 2251 3606 2406 3668; x_wconf 88' lang='lat' dir='ltr'>mira</span> <span class='ocrx_word' id='word_1_173' title='bbox 2452 3599 2660 3665; x_wconf 81' lang='lat' dir='ltr'>videri</span> 
     </span>
     <span class='ocr_line' id='line_1_27' title="bbox 1104 3719 2559 3808; baseline 0.001 -28"><span class='ocrx_word' id='word_1_174' title='bbox 1104 3721 1439 3796; x_wconf 81' lang='lat' dir='ltr'>Ausoniis;</span> <span class='ocrx_word' id='word_1_175' title='bbox 1481 3719 1679 3785; x_wconf 85' lang='lat' dir='ltr'>donec</span> <span class='ocrx_word' id='word_1_176' title='bbox 1720 3745 1932 3785; x_wconf 81' lang='lat' dir='ltr'>versas</span> <span class='ocrx_word' id='word_1_177' title='bbox 1965 3721 2042 3786; x_wconf 88' lang='lat' dir='ltr'>ad</span> <span class='ocrx_word' id='word_1_178' title='bbox 2085 3722 2278 3786; x_wconf 85' lang='lat' dir='ltr'>litora</span> <span class='ocrx_word' id='word_1_179' title='bbox 2317 3742 2559 3808; x_wconf 85' lang='lat' dir='ltr'>puppes</span> 
     </span>
     <span class='ocr_line' id='line_1_28' title="bbox 1102 3838 2804 3930; baseline -0.003 -29"><span class='ocrx_word' id='word_1_180' title='bbox 1102 3841 1513 3926; x_wconf 85' lang='lat' dir='ltr'>Respiciunt,</span> <span class='ocrx_word' id='word_1_181' title='bbox 1557 3858 1890 3930; x_wconf 84' lang='lat' dir='ltr'>totumque</span> <span class='ocrx_word' id='word_1_182' title='bbox 1925 3838 2144 3906; x_wconf 81' lang='lat' dir='ltr'>adlabi</span> <span class='ocrx_word' id='word_1_183' title='bbox 2182 3838 2496 3905; x_wconf 85' lang='lat' dir='ltr'>classibus</span> <span class='ocrx_word' id='word_1_184' title='bbox 2535 3857 2804 3924; x_wconf 86' lang='lat' dir='ltr'>aequor.</span> 
     </span>
     <span class='ocr_line' id='line_1_29' title="bbox 1104 3954 2816 4050; baseline 0 -34"><span class='ocrx_word' id='word_1_185' title='bbox 1104 3956 1301 4020; x_wconf 81' lang='lat' dir='ltr'>Ardet</span> <span class='ocrx_word' id='word_1_186' title='bbox 1346 3981 1510 4046; x_wconf 82' lang='lat' dir='ltr'>apex</span> <span class='ocrx_word' id='word_1_187' title='bbox 1551 3962 1800 4047; x_wconf 87' lang='lat' dir='ltr'>capiti,</span> <span class='ocrx_word' id='word_1_188' title='bbox 1841 3963 2176 4050; x_wconf 83' lang='lat' dir='ltr'>cristisque</span> <span class='ocrx_word' id='word_1_189' title='bbox 2215 3983 2255 4024; x_wconf 86' lang='lat' dir='ltr'>a</span> <span class='ocrx_word' id='word_1_190' title='bbox 2295 3962 2536 4024; x_wconf 78' lang='lat' dir='ltr'>vertice</span> <span class='ocrx_word' id='word_1_191' title='bbox 2571 3954 2816 4020; x_wconf 82' lang='lat' dir='ltr'>flamma</span> 
     </span>
    </p>
   </div>
  </div>
 </body>
</html>
