3400 5175
890 643 1346 703 antemos
1394 643 1569 695 Lm.
1620 644 1750 697 ix.
1869 622 2034 723 439
2220 648 2359 699 ιιι

474 741 913 856 έυὶωἱιιοῐιως
955 779 1158 844 donec
1202 777 1427 841 Rutuli
1470 776 1810 839 clamantis
1853 779 1916 839 in
1959 800 2070 841 ore

472 904 775 971 Condidit
818 902 1119 979 adverso,
1161 914 1223 961 et
1268 899 1536 961 moriens
1558 901 1826 959 animam
1866 896 2133 961 abstulit
2171 894 2371 962 hosti.

476 1030 633 1089 Tum
672 1046 869 1112 super
908 1023 1263 1087 exanimem
1304 1039 1438 1081 sese
1483 1020 1758 1104 proiecit
1803 1022 2068 1081 amicum

480 1139 853 1218 Confessus„
898 1138 1277 1227 placidaque
1318 1137 1411 1203 ibi
1454 1137 1699 1202 demum
1747 1156 1942 1201 morte
1981 1140 2270 1225 quievit.

566 1265 906 1327 Fortunati
948 1254 1164 1325 ambo!
1205 1262 1259 1323 si
1298 1258 1459 1347 quid
1506 1279 1639 1321 mea
1675 1261 1954 1321 carmina
1995 1275 2287 1345 possunt,

476 1382 675 1445 Nulla
720 1379 859 1444 dies
900 1402 1199 1467 umquam
1246 1381 1501 1441 memori
1546 1400 1659 1441 vos
1701 1382 1938 1441 eximet
1981 1399 2175 1441 aevo:

472 1506 632 1565 Dum
674 1500 897 1565 domus
939 1503 1189 1563 Aeneae
1229 1497 1521 1586 Capitoli
1567 1496 1890 1560 immobile
1927 1519 2147 1561 saxum

476 1618 779 1693 Accolet,
820 1621 1286 1707 imperiumque
1326 1623 1514 1682 Pater
1556 1620 1876 1680 Romanus
1912 1616 2212 1682 habebit.

564 1742 865 1801 Victores
904 1738 1142 1827 praeda
1181 1738 1413 1805 Rutuli
1452 1739 1804 1826 spoliisque
1847 1740 2075 1827 potiti,

470 1858 873 1923 Volscentem
915 1861 1271 1921 exanimum
1316 1855 1539 1921 flentes
1582 1862 1647 1923 in
1686 1878 1892 1923 castra
1934 1855 2254 1925 ferebant.

466 1980 597 2043 Nec
642 1982 847 2042 minor
888 1982 957 2041 in
996 1980 1217 2043 castris
1260 1978 1505 2057 luctus,
1545 1978 1900 2044 Rhamnete
1941 1997 2195 2067 reperto

468 2102 835 2189 Exaangui,
871 2116 934 2160 et
976 2100 1197 2185 primis
1239 2120 1363 2163 una
1401 2116 1494 2161 tot
1538 2098 1734 2165 caede
1773 2104 2112 2188 peremtitt,

469 2223 907 2307 Serranoque,
952 2220 1319 2306 Numaque.
1362 2222 1593 2310 Ingena
1630 2242 1974 2285 concursus
2015 2219 2094 2283 ad
2141 2224 2278 2306 ipsa

471 2340 793 2425 Corpora,
838 2339 1312 2425 seminecesque
1350 2342 1558 2417 viros,
1604 2341 1955 2429 tepidaque
1999 2359 2312 2405 recentem

472 2457 673 2522 Caede
714 2458 961 2536 locum,
1002 2479 1065 2522 et
1108 2458 1299 2547 pleno
1332 2480 1689 2549 spumantes
1729 2462 2034 2551 sanguiue
2077 2462 2276 2522 rivos.

472 2576 887 2670 Adgnoscunt
925 2578 1131 2666 spolia
1172 2582 1337 2644 inter
1372 2604 1469 2657 se,
1508 2580 1884 2670 galeamque
1925 2580 2225 2642 nitentem

473 2699 781 2786 Mersapi,
825 2717 889 2762 et
934 2699 1135 2762 multo
1178 2697 1469 2786 phalerae
1508 2699 1738 2764 sudore
1780 2715 2092 2783 receptae.

564 2825 641 2884 Et
684 2823 809 2884 iam
854 2823 1055 2906 prima
1093 2843 1258 2883 novo
1299 2817 1641 2910 spargebat
1687 2817 1924 2882 lumine
1966 2837 2170 2882 terras

468 2937 733 3003 Tithoni
776 2962 1069 3005 croceum
1112 2940 1413 3028 linquens
1452 2942 1695 3025 ᾼιιτοῐει
1728 2937 1975 3004 cubile:

468 3060 593 3122 Iam
632 3059 769 3126 sole
808 3056 1061 3140 infuso,
1107 3065 1229 3124 iam
1262 3058 1445 3126 rebus
1480 3033 1622 3124 luce
1663 3061 1963 3135 retectis,

468 3181 715 3244 Turnus
756 3184 824 3244 in
865 3203 1037 3245 arma
1078 3185 1278 3259 viros,
1318 3183 1507 3244 armis
1546 3178 1977 3244 circumdatus
2022 3181 2190 3266 ipse,

468 3301 777 3377 Suscitat;
822 3317 1198 3388 aeratasque
1241 3305 1407 3366 acies
1446 3303 1513 3365 in
1549 3301 1798 3388 proelia
1839 3302 2056 3390 cogit,

464 3419 743 3506 Quisque
784 3441 968 3495 suos,
1013 3423 1340 3509 variisque
1381 3437 1625 3486 acuunt
1670 3419 2028 3490 rumoribus
2071 3421 2230 3483 iras.

470 3539 635 3616 Quin
672 3541 815 3627 ipsa
856 3539 1138 3604 adrectis
1177 3542 1371 3630 (visu
1411 3535 1820 3622 miserabile)
1857 3541 1925 3604 in
1967 3536 2166 3602 hastis

466 3655 823 3747 Praefigunt
863 3662 1121 3746 capita,
1161 3679 1226 3724 et
1268 3660 1469 3725 multo
1510 3661 1790 3725 clamore
1831 3678 2226 3746 sequuntur,

466 3776 731 3866 Euryali
774 3796 840 3841 et
884 3781 1066 3843 Nisi.

466 3896 797 3962 Aeneadae
836 3897 983 3964 duri
1026 3923 1341 3966 murorum
1384 3903 1451 3964 in
1494 3914 1680 3988 parte
1719 3896 1980 3960 sinistra

464 4015 832 4112 opposuere
874 4022 1071 4086 aciem
1112 4013 1299 4110 (nam
1342 4019 1607 4084 dextera
1646 4018 1931 4106 cingitur
1974 4008 2222 4103 amni),
