<?xml version="1.0" encoding="UTF-8"?>
<!DOCTYPE html PUBLIC "-//W3C//DTD XHTML 1.0 Transitional//EN"
    "http://www.w3.org/TR/xhtml1/DTD/xhtml1-transitional.dtd">
<html xmlns="http://www.w3.org/1999/xhtml" xml:lang="en" lang="en">
 <head>
  <title>
</title>
<meta http-equiv="Content-Type" content="text/html;charset=utf-8" />
  <meta name='ocr-system' content='tesseract 3.04.00' />
  <meta name='ocr-capabilities' content='ocr_page ocr_carea ocr_par ocr_line ocrx_word'/>
</head>
<body>
  <div class='ocr_page' id='page_1' title='image "./pvirgiliimaroni04unkngoog/pvirgiliimaroni04unkngoog_0016.png"; bbox 0 0 3400 5175; ppageno 0'>
   <div class='ocr_carea' id='block_1_1' title="bbox 1017 631 2722 737">
    <p class='ocr_par' dir='ltr' id='par_1_1' title="bbox 1017 631 2722 737">
     <span class='ocr_line' id='line_1_1' title="bbox 1017 631 2722 737; baseline 0.003 -30"><span class='ocrx_word' id='word_1_1' title='bbox 1017 657 1112 707; x_wconf 88' lang='lat' dir='ltr'><strong>ro</strong></span> <span class='ocrx_word' id='word_1_2' title='bbox 1655 655 2308 712; x_wconf 72' lang='lat' dir='ltr'>1³.v111011.11</span> <span class='ocrx_word' id='word_1_3' title='bbox 2568 631 2722 737; x_wconf 84' lang='lat'><strong>187</strong></span> 
     </span>
    </p>
   </div>
   <div class='ocr_carea' id='block_1_2' title="bbox 1019 786 2995 4106">
    <p class='ocr_par' dir='ltr' id='par_1_2' title="bbox 1101 786 2903 1346">
     <span class='ocr_line' id='line_1_2' title="bbox 1101 786 2625 853; baseline 0.003 -7"><span class='ocrx_word' id='word_1_4' title='bbox 1101 787 1169 847; x_wconf 92' lang='lat' dir='ltr'><strong>Si</strong></span> <span class='ocrx_word' id='word_1_5' title='bbox 1209 807 1478 848; x_wconf 85' lang='lat' dir='ltr'><strong>nunc-se</strong></span> <span class='ocrx_word' id='word_1_6' title='bbox 1521 786 1701 851; x_wconf 81' lang='lat' dir='ltr'><strong>nobis</strong></span> <span class='ocrx_word' id='word_1_7' title='bbox 1744 787 1858 851; x_wconf 89' lang='lat' dir='ltr'><strong>ille</strong></span> <span class='ocrx_word' id='word_1_8' title='bbox 1900 812 2124 852; x_wconf 88' lang='lat' dir='ltr'><strong>aureus</strong></span> <span class='ocrx_word' id='word_1_9' title='bbox 2163 788 2384 853; x_wconf 88' lang='lat' dir='ltr'><strong>arbore</strong></span> <span class='ocrx_word' id='word_1_10' title='bbox 2426 810 2625 851; x_wconf 75' lang='lat' dir='ltr'><strong>ramus</strong></span> 
     </span>
     <span class='ocr_line' id='line_1_3' title="bbox 1105 903 2821 995; baseline 0.002 -30"><span class='ocrx_word' id='word_1_11' title='bbox 1105 903 1411 969; x_wconf 82' lang='lat' dir='ltr'><strong>Ostendat</strong></span> <span class='ocrx_word' id='word_1_12' title='bbox 1453 928 1702 969; x_wconf 89' lang='lat' dir='ltr'><strong>nemore</strong></span> <span class='ocrx_word' id='word_1_13' title='bbox 1744 910 1808 969; x_wconf 90' lang='lat' dir='ltr'><strong>in</strong></span> <span class='ocrx_word' id='word_1_14' title='bbox 1848 904 2057 971; x_wconf 84' lang='lat' dir='ltr'><strong>tanto!</strong></span> <span class='ocrx_word' id='word_1_15' title='bbox 2100 908 2358 995; x_wconf 85' lang='lat' dir='ltr'><strong>quando</strong></span> <span class='ocrx_word' id='word_1_16' title='bbox 2394 910 2601 971; x_wconf 88' lang='lat' dir='ltr'><strong>omnia</strong></span> <span class='ocrx_word' id='word_1_17' title='bbox 2642 928 2821 985; x_wconf 81' lang='lat' dir='ltr'><strong>vere,</strong></span> 
     </span>
     <span class='ocr_line' id='line_1_4' title="bbox 1105 1019 2837 1113; baseline 0.001 -28"><span class='ocrx_word' id='word_1_18' title='bbox 1105 1026 1245 1085; x_wconf 87' lang='lat' dir='ltr'><strong>Heu</strong></span> <span class='ocrx_word' id='word_1_19' title='bbox 1287 1019 1578 1087; x_wconf 83' lang='lat' dir='ltr'><strong>nimium!</strong></span> <span class='ocrx_word' id='word_1_20' title='bbox 1621 1026 1700 1088; x_wconf 89' lang='lat' dir='ltr'><strong>de</strong></span> <span class='ocrx_word' id='word_1_21' title='bbox 1730 1042 1795 1088; x_wconf 90' lang='lat' dir='ltr'><strong>te</strong></span> <span class='ocrx_word' id='word_1_22' title='bbox 1836 1041 2048 1104; x_wconf 64' lang='lat' dir='ltr'><strong>vatem,</strong></span> <span class='ocrx_word' id='word_1_23' title='bbox 2088 1032 2363 1104; x_wconf 77' lang='lat' dir='ltr'><strong>Miseno,</strong></span> <span class='ocrx_word' id='word_1_24' title='bbox 2402 1028 2678 1113; x_wconf 86' lang='lat' dir='ltr'><strong>loquuta</strong></span> <span class='ocrx_word' id='word_1_25' title='bbox 2712 1042 2837 1089; x_wconf 84' lang='lat' dir='ltr'><strong>est.</strong></span> 
     </span>
     <span class='ocr_line' id='line_1_5' title="bbox 1106 1141 2903 1235; baseline 0.001 -31"><span class='ocrx_word' id='word_1_26' title='bbox 1106 1146 1232 1206; x_wconf 84' lang='lat' dir='ltr'><strong>Vix</strong></span> <span class='ocrx_word' id='word_1_27' title='bbox 1275 1166 1348 1205; x_wconf 88' lang='lat' dir='ltr'><strong>ea</strong></span> <span class='ocrx_word' id='word_1_28' title='bbox 1387 1141 1557 1207; x_wconf 80' lang='lat' dir='ltr'><strong>fatus</strong></span> <span class='ocrx_word' id='word_1_29' title='bbox 1596 1163 1767 1221; x_wconf 87' lang='lat' dir='ltr'><strong>erat,</strong></span> <span class='ocrx_word' id='word_1_30' title='bbox 1808 1150 2093 1235; x_wconf 86' lang='lat' dir='ltr'><strong>geminae</strong></span> <span class='ocrx_word' id='word_1_31' title='bbox 2136 1168 2329 1233; x_wconf 90' lang='lat' dir='ltr'><strong>quum</strong></span> <span class='ocrx_word' id='word_1_32' title='bbox 2370 1142 2535 1209; x_wconf 84' lang='lat' dir='ltr'><strong>forte</strong></span> <span class='ocrx_word' id='word_1_33' title='bbox 2577 1143 2903 1208; x_wconf 86' lang='lat' dir='ltr'><strong>columbae</strong></span> 
     </span>
     <span class='ocr_line' id='line_1_6' title="bbox 1107 1261 2559 1346; baseline 0.005 -26"><span class='ocrx_word' id='word_1_34' title='bbox 1107 1264 1259 1346; x_wconf 87' lang='lat' dir='ltr'><strong>Ipsa</strong></span> <span class='ocrx_word' id='word_1_35' title='bbox 1296 1261 1414 1325; x_wconf 84' lang='lat' dir='ltr'><strong>sub</strong></span> <span class='ocrx_word' id='word_1_36' title='bbox 1453 1285 1560 1325; x_wconf 88' lang='lat' dir='ltr'><strong>ora</strong></span> <span class='ocrx_word' id='word_1_37' title='bbox 1598 1266 1725 1326; x_wconf 84' lang='lat' dir='ltr'><strong>viri</strong></span> <span class='ocrx_word' id='word_1_38' title='bbox 1765 1264 1940 1327; x_wconf 88' lang='lat' dir='ltr'><strong>caelo</strong></span> <span class='ocrx_word' id='word_1_39' title='bbox 1978 1286 2208 1327; x_wconf 79' lang='lat' dir='ltr'><strong>venere</strong></span> <span class='ocrx_word' id='word_1_40' title='bbox 2246 1265 2559 1339; x_wconf 82' lang='lat' dir='ltr'><strong>volantes,</strong></span> 
     </span>
    </p>

    <p class='ocr_par' dir='ltr' id='par_1_3' title="bbox 1107 1380 2766 1590">
     <span class='ocr_line' id='line_1_7' title="bbox 1107 1380 2659 1446; baseline 0.001 -7"><span class='ocrx_word' id='word_1_41' title='bbox 1107 1381 1189 1439; x_wconf 88' lang='lat' dir='ltr'><strong>Et</strong></span> <span class='ocrx_word' id='word_1_42' title='bbox 1225 1380 1425 1443; x_wconf 82' lang='lat' dir='ltr'><strong>viridi</strong></span> <span class='ocrx_word' id='word_1_43' title='bbox 1463 1380 1678 1445; x_wconf 80' lang='lat' dir='ltr'><strong>sedere</strong></span> <span class='ocrx_word' id='word_1_44' title='bbox 1720 1382 1883 1446; x_wconf 87' lang='lat' dir='ltr'><strong>solo.</strong></span> <span class='ocrx_word' id='word_1_45' title='bbox 1925 1388 2085 1445; x_wconf 89' lang='lat' dir='ltr'><strong>Tum</strong></span> <span class='ocrx_word' id='word_1_46' title='bbox 2132 1385 2435 1445; x_wconf 85' lang='lat' dir='ltr'><strong>maximus</strong></span> <span class='ocrx_word' id='word_1_47' title='bbox 2478 1380 2659 1443; x_wconf 89' lang='lat' dir='ltr'><strong>heros</strong></span> 
     </span>
     <span class='ocr_line' id='line_1_8' title="bbox 1109 1500 2766 1590; baseline -0.002 -29"><span class='ocrx_word' id='word_1_48' title='bbox 1109 1501 1428 1561; x_wconf 73' lang='lat' dir='ltr'><strong>Maternae</strong></span> <span class='ocrx_word' id='word_1_49' title='bbox 1469 1500 1802 1590; x_wconf 78' lang='lat' dir='ltr'><strong>adgnoscit</strong></span> <span class='ocrx_word' id='word_1_50' title='bbox 1846 1524 2023 1579; x_wconf 81' lang='lat' dir='ltr'><strong>aves,</strong></span> <span class='ocrx_word' id='word_1_51' title='bbox 2065 1502 2395 1588; x_wconf 88' lang='lat' dir='ltr'><strong>laetusque</strong></span> <span class='ocrx_word' id='word_1_52' title='bbox 2438 1518 2766 1585; x_wconf 84' lang='lat' dir='ltr'><strong>precatur:</strong></span> 
     </span>
    </p>

    <p class='ocr_par' dir='ltr' id='par_1_4' title="bbox 1045 1618 2995 2301">
     <span class='ocr_line' id='line_1_9' title="bbox 1045 1618 2995 1708; baseline -0.007 -19"><span class='ocrx_word' id='word_1_53' title='bbox 1045 1686 1048 1689; x_wconf 79' lang='grc'>,</span> <span class='ocrx_word' id='word_1_54' title='bbox 1110 1620 1262 1680; x_wconf 85' lang='lat' dir='ltr'><strong>Este</strong></span> <span class='ocrx_word' id='word_1_55' title='bbox 1301 1618 1530 1697; x_wconf 83' lang='lat' dir='ltr'><strong>duces,</strong></span> <span class='ocrx_word' id='word_1_56' title='bbox 1567 1642 1636 1697; x_wconf 89' lang='lat' dir='ltr'><strong>o,</strong></span> <span class='ocrx_word' id='word_1_57' title='bbox 1677 1624 1732 1683; x_wconf 81' lang='lat' dir='ltr'><strong>si</strong></span> <span class='ocrx_word' id='word_1_58' title='bbox 1768 1644 1895 1708; x_wconf 89' lang='lat' dir='ltr'><strong>qua</strong></span> <span class='ocrx_word' id='word_1_59' title='bbox 1935 1625 2041 1684; x_wconf 84' lang='lat' dir='ltr'><strong>via</strong></span> <span class='ocrx_word' id='word_1_60' title='bbox 2081 1640 2209 1699; x_wconf 81' lang='lat' dir='ltr'><strong>est,</strong></span> <span class='ocrx_word' id='word_1_61' title='bbox 2248 1642 2628 1707; x_wconf 85' lang='lat' dir='ltr'><strong>cursumque</strong></span> <span class='ocrx_word' id='word_1_62' title='bbox 2672 1639 2781 1703; x_wconf 88' lang='lat' dir='ltr'><strong>per</strong></span> <span class='ocrx_word' id='word_1_63' title='bbox 2808 1636 2995 1677; x_wconf 74' lang='lat' dir='ltr'><strong>auras</strong></span> 
     </span>
     <span class='ocr_line' id='line_1_10' title="bbox 1111 1737 2726 1831; baseline -0.001 -32"><span class='ocrx_word' id='word_1_64' title='bbox 1111 1737 1395 1827; x_wconf 86' lang='lat' dir='ltr'><strong>Dirigite</strong></span> <span class='ocrx_word' id='word_1_65' title='bbox 1435 1741 1501 1799; x_wconf 89' lang='lat' dir='ltr'><strong>in</strong></span> <span class='ocrx_word' id='word_1_66' title='bbox 1539 1738 1751 1815; x_wconf 71' lang='lat' dir='ltr'><strong>lucoS,</strong></span> <span class='ocrx_word' id='word_1_67' title='bbox 1792 1739 1905 1804; x_wconf 90' lang='lat' dir='ltr'><strong>ubi</strong></span> <span class='ocrx_word' id='word_1_68' title='bbox 1947 1744 2247 1831; x_wconf 82' lang='lat' dir='ltr'><strong>pinguem</strong></span> <span class='ocrx_word' id='word_1_69' title='bbox 2285 1738 2462 1801; x_wconf 86' lang='lat' dir='ltr'><strong>dives</strong></span> <span class='ocrx_word' id='word_1_70' title='bbox 2501 1755 2726 1822; x_wconf 92' lang='lat' dir='ltr'><strong>opacat</strong></span> 
     </span>
     <span class='ocr_line' id='line_1_11' title="bbox 1113 1850 2970 1945; baseline -0.002 -30"><span class='ocrx_word' id='word_1_71' title='bbox 1113 1858 1352 1918; x_wconf 83' lang='lat' dir='ltr'><strong>Ramus</strong></span> <span class='ocrx_word' id='word_1_72' title='bbox 1390 1854 1681 1920; x_wconf 88' lang='lat' dir='ltr'><strong>humum.</strong></span> <span class='ocrx_word' id='word_1_73' title='bbox 1726 1862 1986 1945; x_wconf 88' lang='lat' dir='ltr'><strong>Tuque,</strong></span> <span class='ocrx_word' id='word_1_74' title='bbox 2024 1881 2099 1935; x_wconf 90' lang='lat'><strong>0,</strong></span> <span class='ocrx_word' id='word_1_75' title='bbox 2142 1856 2359 1921; x_wconf 74' lang='lat' dir='ltr'><strong>dubiis</strong></span> <span class='ocrx_word' id='word_1_76' title='bbox 2400 1877 2475 1917; x_wconf 91' lang='lat' dir='ltr'><strong>ne</strong></span> <span class='ocrx_word' id='word_1_77' title='bbox 2513 1851 2710 1918; x_wconf 86' lang='lat' dir='ltr'><strong>defice</strong></span> <span class='ocrx_word' id='word_1_78' title='bbox 2752 1850 2970 1926; x_wconf 73' lang='lat' dir='ltr'><strong>rebu8‚</strong></span> 
     </span>
     <span class='ocr_line' id='line_1_12' title="bbox 1112 1974 2617 2067; baseline 0.001 -33"><span class='ocrx_word' id='word_1_79' title='bbox 1112 1974 1281 2036; x_wconf 82' lang='lat' dir='ltr'><strong>Diva</strong></span> <span class='ocrx_word' id='word_1_80' title='bbox 1319 1995 1578 2058; x_wconf 87' lang='lat' dir='ltr'><strong>parens.</strong></span> <span class='ocrx_word' id='word_1_81' title='bbox 1618 1980 1721 2039; x_wconf 93' lang='lat' dir='ltr'><strong>Sic</strong></span> <span class='ocrx_word' id='word_1_82' title='bbox 1763 1974 1992 2041; x_wconf 83' lang='lat' dir='ltr'><strong>effatus</strong></span> <span class='ocrx_word' id='word_1_83' title='bbox 2035 1979 2311 2067; x_wconf 82' lang='lat' dir='ltr'><strong>vestigia</strong></span> <span class='ocrx_word' id='word_1_84' title='bbox 2352 1976 2617 2061; x_wconf 80' lang='lat' dir='ltr'><strong>pressit3</strong></span> 
     </span>
     <span class='ocr_line' id='line_1_13' title="bbox 1114 2088 2994 2185; baseline 0 -35"><span class='ocrx_word' id='word_1_85' title='bbox 1114 2088 1466 2155; x_wconf 81' lang='lat' dir='ltr'><strong>observans</strong></span> <span class='ocrx_word' id='word_1_86' title='bbox 1505 2116 1670 2181; x_wconf 86' lang='lat' dir='ltr'><strong>quae</strong></span> <span class='ocrx_word' id='word_1_87' title='bbox 1706 2099 1888 2185; x_wconf 78' lang='lat' dir='ltr'><strong>signa</strong></span> <span class='ocrx_word' id='word_1_88' title='bbox 1929 2095 2176 2172; x_wconf 88' lang='lat' dir='ltr'><strong>ferant,</strong></span> <span class='ocrx_word' id='word_1_89' title='bbox 2215 2117 2345 2183; x_wconf 91' lang='lat' dir='ltr'><strong>quo</strong></span> <span class='ocrx_word' id='word_1_90' title='bbox 2387 2092 2645 2156; x_wconf 84' lang='lat' dir='ltr'><strong>tendere</strong></span> <span class='ocrx_word' id='word_1_91' title='bbox 2687 2104 2994 2179; x_wconf 82' lang='lat' dir='ltr'><strong>pergant.</strong></span> 
     </span>
     <span class='ocr_line' id='line_1_14' title="bbox 1110 2210 2561 2301; baseline 0.003 -32"><span class='ocrx_word' id='word_1_92' title='bbox 1110 2210 1442 2273; x_wconf 80' lang='lat' dir='ltr'><strong>Pascentes</strong></span> <span class='ocrx_word' id='word_1_93' title='bbox 1481 2212 1632 2275; x_wconf 86' lang='lat' dir='ltr'><strong>illae</strong></span> <span class='ocrx_word' id='word_1_94' title='bbox 1670 2231 1913 2278; x_wconf 87' lang='lat' dir='ltr'><strong>tantum</strong></span> <span class='ocrx_word' id='word_1_95' title='bbox 1955 2216 2211 2301; x_wconf 90' lang='lat' dir='ltr'><strong>prodire</strong></span> <span class='ocrx_word' id='word_1_96' title='bbox 2248 2210 2561 2288; x_wconf 77' lang='lat' dir='ltr'><strong>volando,</strong></span> 
     </span>
    </p>

    <p class='ocr_par' dir='ltr' id='par_1_5' title="bbox 1111 2330 2927 2664">
     <span class='ocr_line' id='line_1_15' title="bbox 1111 2330 2861 2419; baseline -0.001 -28"><span class='ocrx_word' id='word_1_97' title='bbox 1111 2330 1432 2408; x_wconf 82' lang='lat' dir='ltr'><strong>Quantum</strong></span> <span class='ocrx_word' id='word_1_98' title='bbox 1475 2334 1613 2395; x_wconf 87' lang='lat' dir='ltr'><strong>acie</strong></span> <span class='ocrx_word' id='word_1_99' title='bbox 1653 2353 1907 2419; x_wconf 84' lang='lat' dir='ltr'><strong>possent</strong></span> <span class='ocrx_word' id='word_1_100' title='bbox 1950 2337 2124 2399; x_wconf 91' lang='lat' dir='ltr'><strong>oculi</strong></span> <span class='ocrx_word' id='word_1_101' title='bbox 2162 2355 2414 2398; x_wconf 84' lang='lat' dir='ltr'><strong>servare</strong></span> <span class='ocrx_word' id='word_1_102' title='bbox 2456 2345 2861 2417; x_wconf 84' lang='lat' dir='ltr'><strong>sequentum.</strong></span> 
     </span>
     <span class='ocr_line' id='line_1_16' title="bbox 1114 2430 2927 2545; baseline 0.001 -39"><span class='ocrx_word' id='word_1_103' title='bbox 1114 2445 1307 2525; x_wconf 85' lang='lat' dir='ltr'><strong>Inde,</strong></span> <span class='ocrx_word' id='word_1_104' title='bbox 1348 2446 1463 2512; x_wconf 88' lang='lat' dir='ltr'><strong>ubi</strong></span> <span class='ocrx_word' id='word_1_105' title='bbox 1501 2474 1733 2516; x_wconf 81' lang='lat' dir='ltr'><strong>venere</strong></span> <span class='ocrx_word' id='word_1_106' title='bbox 1778 2454 1855 2517; x_wconf 91' lang='lat' dir='ltr'><strong>ad</strong></span> <span class='ocrx_word' id='word_1_107' title='bbox 1900 2430 2132 2519; x_wconf 75' lang='lat' dir='ltr'><strong>fauces</strong></span> <span class='ocrx_word' id='word_1_108' title='bbox 2156 2476 2350 2545; x_wconf 79' lang='lat' dir='ltr'><strong>grave</strong></span> <span class='ocrx_word' id='word_1_109' title='bbox 2386 2453 2618 2516; x_wconf 86' lang='lat' dir='ltr'><strong>olentis</strong></span> <span class='ocrx_word' id='word_1_110' title='bbox 2660 2448 2927 2522; x_wconf 80' lang='lat' dir='ltr'><strong>Averni,</strong></span> 
     </span>
     <span class='ocr_line' id='line_1_17' title="bbox 1113 2566 2874 2664; baseline 0 -35"><span class='ocrx_word' id='word_1_111' title='bbox 1113 2566 1380 2633; x_wconf 86' lang='lat' dir='ltr'><strong>Tollunt</strong></span> <span class='ocrx_word' id='word_1_112' title='bbox 1417 2594 1483 2635; x_wconf 82' lang='lat' dir='ltr'><strong>se</strong></span> <span class='ocrx_word' id='word_1_113' title='bbox 1525 2571 1799 2652; x_wconf 82' lang='lat' dir='ltr'><strong>celeres;</strong></span> <span class='ocrx_word' id='word_1_114' title='bbox 1842 2574 2289 2664; x_wconf 88' lang='lat' dir='ltr'><strong>liquidumque</strong></span> <span class='ocrx_word' id='word_1_115' title='bbox 2324 2595 2437 2660; x_wconf 88' lang='lat' dir='ltr'><strong>per</strong></span> <span class='ocrx_word' id='word_1_116' title='bbox 2476 2578 2623 2634; x_wconf 69' lang='lat' dir='ltr'><strong>aera</strong></span> <span class='ocrx_word' id='word_1_117' title='bbox 2660 2567 2874 2653; x_wconf 82' lang='lat' dir='ltr'><strong>lapsae</strong></span> 
     </span>
    </p>

    <p class='ocr_par' dir='ltr' id='par_1_6' title="bbox 1019 2683 2939 3496">
     <span class='ocr_line' id='line_1_18' title="bbox 1019 2683 2769 2784; baseline 0.003 -38"><span class='ocrx_word' id='word_1_118' title='bbox 1019 2751 1026 2756; x_wconf 65' lang='grc'><strong>,</strong></span> <span class='ocrx_word' id='word_1_119' title='bbox 1113 2683 1385 2751; x_wconf 79' lang='lat' dir='ltr'><strong>Sedibus</strong></span> <span class='ocrx_word' id='word_1_120' title='bbox 1425 2695 1665 2780; x_wconf 81' lang='lat' dir='ltr'><strong>optatis</strong></span> <span class='ocrx_word' id='word_1_121' title='bbox 1697 2699 1987 2784; x_wconf 83' lang='lat' dir='ltr'><strong>gemina‘e</strong></span> <span class='ocrx_word' id='word_1_122' title='bbox 2029 2717 2220 2782; x_wconf 81' lang='lat' dir='ltr'><strong>super</strong></span> <span class='ocrx_word' id='word_1_123' title='bbox 2259 2693 2481 2758; x_wconf 89' lang='lat' dir='ltr'><strong>arbore</strong></span> <span class='ocrx_word' id='word_1_124' title='bbox 2515 2689 2769 2765; x_wconf 79' lang='lat' dir='ltr'><strong>sidunt3</strong></span> 
     </span>
     <span class='ocr_line' id='line_1_19' title="bbox 1113 2805 2690 2900; baseline 0.002 -35"><span class='ocrx_word' id='word_1_125' title='bbox 1113 2805 1406 2870; x_wconf 85' lang='lat' dir='ltr'><strong>Discolor</strong></span> <span class='ocrx_word' id='word_1_126' title='bbox 1437 2809 1602 2874; x_wconf 87' lang='lat' dir='ltr'><strong>unde</strong></span> <span class='ocrx_word' id='word_1_127' title='bbox 1644 2816 1787 2875; x_wconf 91' lang='lat' dir='ltr'><strong>auri</strong></span> <span class='ocrx_word' id='word_1_128' title='bbox 1826 2837 1938 2900; x_wconf 89' lang='lat' dir='ltr'><strong>per</strong></span> <span class='ocrx_word' id='word_1_129' title='bbox 1978 2835 2177 2877; x_wconf 86' lang='lat' dir='ltr'><strong>ramos</strong></span> <span class='ocrx_word' id='word_1_130' title='bbox 2214 2833 2369 2874; x_wconf 86' lang='lat' dir='ltr'><strong>aura</strong></span> <span class='ocrx_word' id='word_1_131' title='bbox 2404 2805 2690 2872; x_wconf 79' lang='lat' dir='ltr'><strong>refulsit.</strong></span> 
     </span>
     <span class='ocr_line' id='line_1_20' title="bbox 1110 2924 2607 3018; baseline -0.001 -31"><span class='ocrx_word' id='word_1_132' title='bbox 1110 2924 1312 3002; x_wconf 81' lang='lat' dir='ltr'><strong>Quale</strong></span> <span class='ocrx_word' id='word_1_133' title='bbox 1347 2928 1510 2990; x_wconf 82' lang='lat' dir='ltr'><strong>solet</strong></span> <span class='ocrx_word' id='word_1_134' title='bbox 1553 2930 1735 2994; x_wconf 77' lang='lat' dir='ltr'><strong>silvis</strong></span> <span class='ocrx_word' id='word_1_135' title='bbox 1778 2929 2050 2994; x_wconf 89' lang='lat' dir='ltr'><strong>brumali</strong></span> <span class='ocrx_word' id='word_1_136' title='bbox 2090 2928 2329 3018; x_wconf 86' lang='lat' dir='ltr'><strong>frigore</strong></span> <span class='ocrx_word' id='word_1_137' title='bbox 2367 2931 2607 2990; x_wconf 81' lang='lat' dir='ltr'><strong>viscum</strong></span> 
     </span>
     <span class='ocr_line' id='line_1_21' title="bbox 1111 3039 2939 3138; baseline 0.001 -34"><span class='ocrx_word' id='word_1_138' title='bbox 1111 3043 1362 3108; x_wconf 84' lang='lat' dir='ltr'><strong>Fronde</strong></span> <span class='ocrx_word' id='word_1_139' title='bbox 1403 3051 1610 3111; x_wconf 78' lang='lat' dir='ltr'><strong>virere</strong></span> <span class='ocrx_word' id='word_1_140' title='bbox 1653 3073 1851 3127; x_wconf 83' lang='lat' dir='ltr'><strong>nova,</strong></span> <span class='ocrx_word' id='word_1_141' title='bbox 1890 3049 2063 3138; x_wconf 88' lang='lat' dir='ltr'><strong>quod</strong></span> <span class='ocrx_word' id='word_1_142' title='bbox 2102 3070 2225 3112; x_wconf 89' lang='lat' dir='ltr'><strong>non</strong></span> <span class='ocrx_word' id='word_1_143' title='bbox 2262 3068 2375 3110; x_wconf 77' lang='lat' dir='ltr'><strong>sua</strong></span> <span class='ocrx_word' id='word_1_144' title='bbox 2412 3047 2680 3108; x_wconf 81' lang='lat' dir='ltr'><strong>seminat</strong></span> <span class='ocrx_word' id='word_1_145' title='bbox 2720 3039 2939 3117; x_wconf 75' lang='lat' dir='ltr'><strong>arbos,</strong></span> 
     </span>
     <span class='ocr_line' id='line_1_22' title="bbox 1113 3161 2671 3236; baseline 0.003 -16"><span class='ocrx_word' id='word_1_146' title='bbox 1113 3161 1197 3221; x_wconf 83' lang='lat' dir='ltr'><strong>Et</strong></span> <span class='ocrx_word' id='word_1_147' title='bbox 1241 3183 1464 3227; x_wconf 90' lang='lat' dir='ltr'><strong>croceo</strong></span> <span class='ocrx_word' id='word_1_148' title='bbox 1503 3161 1639 3228; x_wconf 86' lang='lat' dir='ltr'><strong>fetu</strong></span> <span class='ocrx_word' id='word_1_149' title='bbox 1681 3184 1912 3231; x_wconf 82' lang='lat' dir='ltr'><strong>teretes</strong></span> <span class='ocrx_word' id='word_1_150' title='bbox 1948 3167 2342 3234; x_wconf 87' lang='lat' dir='ltr'><strong>circumdare</strong></span> <span class='ocrx_word' id='word_1_151' title='bbox 2384 3183 2671 3236; x_wconf 81' lang='lat' dir='ltr'><strong>truncos:</strong></span> 
     </span>
     <span class='ocr_line' id='line_1_23' title="bbox 1114 3279 2561 3376; baseline 0.008 -36"><span class='ocrx_word' id='word_1_152' title='bbox 1114 3279 1291 3343; x_wconf 84' lang='lat' dir='ltr'><strong>Talis</strong></span> <span class='ocrx_word' id='word_1_153' title='bbox 1329 3302 1464 3346; x_wconf 86' lang='lat' dir='ltr'><strong>erat</strong></span> <span class='ocrx_word' id='word_1_154' title='bbox 1507 3291 1751 3371; x_wconf 78' lang='lat' dir='ltr'><strong>species</strong></span> <span class='ocrx_word' id='word_1_155' title='bbox 1786 3294 1929 3354; x_wconf 87' lang='lat' dir='ltr'><strong>auri</strong></span> <span class='ocrx_word' id='word_1_156' title='bbox 1970 3288 2326 3355; x_wconf 79' lang='lat' dir='ltr'><strong>frondentis</strong></span> <span class='ocrx_word' id='word_1_157' title='bbox 2360 3311 2561 3376; x_wconf 87' lang='lat' dir='ltr'><strong>opaca</strong></span> 
     </span>
     <span class='ocr_line' id='line_1_24' title="bbox 1115 3401 2568 3496; baseline 0.005 -33"><span class='ocrx_word' id='word_1_158' title='bbox 1115 3401 1315 3478; x_wconf 85' lang='lat' dir='ltr'><strong>Ilice;</strong></span> <span class='ocrx_word' id='word_1_159' title='bbox 1347 3406 1438 3470; x_wconf 78' lang='lat' dir='ltr'><strong>sic</strong></span> <span class='ocrx_word' id='word_1_160' title='bbox 1479 3407 1606 3471; x_wconf 90' lang='lat' dir='ltr'><strong>leni</strong></span> <span class='ocrx_word' id='word_1_161' title='bbox 1645 3411 2008 3496; x_wconf 85' lang='lat' dir='ltr'><strong>crepitabat</strong></span> <span class='ocrx_word' id='word_1_162' title='bbox 2051 3412 2305 3477; x_wconf 80' lang='lat' dir='ltr'><strong>bractea</strong></span> <span class='ocrx_word' id='word_1_163' title='bbox 2344 3427 2568 3474; x_wconf 76' lang='lat' dir='ltr'><strong>vento.</strong></span> 
     </span>
    </p>

    <p class='ocr_par' dir='ltr' id='par_1_7' title="bbox 1113 3523 2887 3838">
     <span class='ocr_line' id='line_1_25' title="bbox 1113 3523 2811 3621; baseline 0.004 -39"><span class='ocrx_word' id='word_1_164' title='bbox 1113 3523 1398 3610; x_wconf 87' lang='lat' dir='ltr'><strong>Corripit</strong></span> <span class='ocrx_word' id='word_1_165' title='bbox 1441 3531 1684 3593; x_wconf 80' lang='lat' dir='ltr'><strong>Aeneas</strong></span> <span class='ocrx_word' id='word_1_166' title='bbox 1723 3535 2083 3621; x_wconf 84' lang='lat' dir='ltr'><strong>extemplo,</strong></span> <span class='ocrx_word' id='word_1_167' title='bbox 2116 3533 2469 3620; x_wconf 84' lang='lat' dir='ltr'><strong>avidusque</strong></span> <span class='ocrx_word' id='word_1_168' title='bbox 2513 3527 2811 3618; x_wconf 85' lang='lat' dir='ltr'><strong>refringit</strong></span> 
     </span>
     <span class='ocr_line' id='line_1_26' title="bbox 1113 3646 2887 3740; baseline 0.002 -32"><span class='ocrx_word' id='word_1_169' title='bbox 1113 3646 1570 3724; x_wconf 82' lang='lat' dir='ltr'><strong>Cunctantem,</strong></span> <span class='ocrx_word' id='word_1_170' title='bbox 1613 3668 1676 3712; x_wconf 89' lang='lat' dir='ltr'><strong>et</strong></span> <span class='ocrx_word' id='word_1_171' title='bbox 1710 3656 1893 3716; x_wconf 59' lang='lat' dir='ltr'><strong>vatis</strong></span> <span class='ocrx_word' id='word_1_172' title='bbox 1933 3672 2145 3740; x_wconf 83' lang='lat' dir='ltr'><strong>portat</strong></span> <span class='ocrx_word' id='word_1_173' title='bbox 2186 3653 2303 3718; x_wconf 85' lang='lat' dir='ltr'><strong>sub</strong></span> <span class='ocrx_word' id='word_1_174' title='bbox 2345 3669 2521 3715; x_wconf 89' lang='lat' dir='ltr'><strong>tecta</strong></span> <span class='ocrx_word' id='word_1_175' title='bbox 2563 3648 2887 3738; x_wconf 77' lang='lat' dir='ltr'><strong>Sibyllae.</strong></span> 
     </span>
     <span class='ocr_line' id='line_1_27' title="bbox 1212 3769 2845 3838; baseline -0.001 -7"><span class='ocrx_word' id='word_1_176' title='bbox 1212 3769 1347 3832; x_wconf 87' lang='lat' dir='ltr'><strong>Nec</strong></span> <span class='ocrx_word' id='word_1_177' title='bbox 1385 3773 1589 3834; x_wconf 81' lang='lat' dir='ltr'><strong>minus</strong></span> <span class='ocrx_word' id='word_1_178' title='bbox 1629 3775 1875 3836; x_wconf 88' lang='lat' dir='ltr'><strong>interea</strong></span> <span class='ocrx_word' id='word_1_179' title='bbox 1914 3778 2229 3838; x_wconf 86' lang='lat' dir='ltr'><strong>Misenum</strong></span> <span class='ocrx_word' id='word_1_180' title='bbox 2270 3777 2335 3837; x_wconf 85' lang='lat' dir='ltr'><strong>in</strong></span> <span class='ocrx_word' id='word_1_181' title='bbox 2378 3772 2571 3836; x_wconf 91' lang='lat' dir='ltr'><strong>litore</strong></span> <span class='ocrx_word' id='word_1_182' title='bbox 2612 3771 2845 3834; x_wconf 86' lang='lat' dir='ltr'><strong>Teucri</strong></span> 
     </span>
    </p>

    <p class='ocr_par' dir='ltr' id='par_1_8' title="bbox 1114 3887 2753 4106">
     <span class='ocr_line' id='line_1_28' title="bbox 1115 3887 2753 3983; baseline 0.001 -34"><span class='ocrx_word' id='word_1_183' title='bbox 1115 3887 1423 3966; x_wconf 84' lang='lat' dir='ltr'><strong>Flebant,</strong></span> <span class='ocrx_word' id='word_1_184' title='bbox 1460 3909 1521 3954; x_wconf 91' lang='lat' dir='ltr'><strong>et</strong></span> <span class='ocrx_word' id='word_1_185' title='bbox 1564 3894 1763 3956; x_wconf 89' lang='lat' dir='ltr'><strong>cineri</strong></span> <span class='ocrx_word' id='word_1_186' title='bbox 1808 3897 2060 3983; x_wconf 87' lang='lat' dir='ltr'><strong>ingrato</strong></span> <span class='ocrx_word' id='word_1_187' title='bbox 2102 3915 2393 3980; x_wconf 84' lang='lat' dir='ltr'><strong>suprema</strong></span> <span class='ocrx_word' id='word_1_188' title='bbox 2434 3887 2753 3955; x_wconf 87' lang='lat' dir='ltr'><strong>ferebant.</strong></span> 
     </span>
     <span class='ocr_line' id='line_1_29' title="bbox 1114 4011 2625 4106; baseline -0.005 -28"><span class='ocrx_word' id='word_1_189' title='bbox 1114 4011 1440 4101; x_wconf 79' lang='lat' dir='ltr'><strong>Principio</strong></span> <span class='ocrx_word' id='word_1_190' title='bbox 1483 4017 1787 4106; x_wconf 85' lang='lat' dir='ltr'><strong>pinguem</strong></span> <span class='ocrx_word' id='word_1_191' title='bbox 1830 4013 2037 4079; x_wconf 87' lang='lat' dir='ltr'><strong>taedis</strong></span> <span class='ocrx_word' id='word_1_192' title='bbox 2078 4033 2143 4078; x_wconf 90' lang='lat' dir='ltr'><strong>et</strong></span> <span class='ocrx_word' id='word_1_193' title='bbox 2184 4011 2411 4078; x_wconf 87' lang='lat' dir='ltr'><strong>robore</strong></span> <span class='ocrx_word' id='word_1_194' title='bbox 2452 4027 2625 4073; x_wconf 82' lang='lat' dir='ltr'><strong>secto</strong></span> 
     </span>
    </p>
   </div>
  </div>
 </body>
</html>
