3400 5175
1126 610 1591 669 alumnos
1655 611 1830 665 mn.
1893 612 2022 665 xr.
2161 582 2362 666 831'
2449 593 2600 691 189

624 734 675 783 ⁸
725 746 1005 830 Vitaque
1046 760 1183 805 cum
1227 745 1469 831 gemitu
1511 740 1683 833 fugit
1728 741 2058 833 indignata
2096 743 2212 807 sub
2241 743 2520 808 umbras.
2557 737 2604 784 ¹²

724 866 887 924 Tum
928 882 1081 924 vero
1122 863 1459 924 immensus
1494 884 1754 953 surgens
1795 858 1944 925 ferit
1983 884 2170 925 aurea
2210 863 2445 927 clamor

724 980 977 1044 Sidera:
1019 979 1269 1044 deiecta
1308 954 1625 1045 crutlescit
1669 1002 1886 1069 pugna
1922 981 2224 1043 Camilla.

728 1102 1061 1163 Incurrunt
1103 1098 1279 1163 densi
1322 1100 1511 1163 simul
1552 1104 1754 1163 omnis
1791 1102 1978 1186 copia
2016 1096 2356 1175 Teucrum,

725 1213 1251 1305 Tyrrhenumque
1292 1216 1525 1296 duces,
1568 1217 1979 1305 Euandrique
2018 1216 2294 1281 Arcades
2331 1218 2504 1281 alae.

823 1338 905 1395 At
946 1338 1205 1399 Triviae
1246 1354 1455 1399 custos
1495 1339 1619 1399 iam
1666 1334 1902 1399 dudum
1943 1338 2009 1399 in
2046 1335 2368 1399 montibus
2409 1340 2564 1423 Opis

730 1452 885 1513 Alta
927 1450 1105 1515 sedet
1146 1458 1432 1531 summis,
1472 1472 1844 1542 spectatque
1885 1456 2183 1516 interrita
2221 1476 2494 1543 pugnas.

729 1574 939 1660 thue
974 1574 1201 1659 procul
1241 1573 1447 1637 medio
1489 1576 1791 1637 iuvenum
1835 1576 1902 1636 in
1945 1572 2222 1635 clamore
2260 1568 2580 1637 furentum

724 1692 1055 1777 Prospexit
1096 1694 1267 1755 tristi
1312 1691 1639 1755 multatam
1686 1707 1888 1753 morte
1928 1687 2300 1765 Camillam;

726 1808 1210 1897 Ingemuitque,
1247 1810 1559 1899 deditque
1598 1808 1718 1873 has
1761 1812 1886 1882 imo
1929 1828 2186 1897 pectore
2225 1829 2441 1872 vocest

725 1930 863 1989 Heu
909 1930 1205 2004 nimium,
1246 1932 1464 2019 virgo,
1510 1898 2074 1993 nimium'crudele
2115 1928 2296 1992 luisti

624 2120 631 2125 ὁ
726 2045 1121 2132 Supplicium
1144 2094 1163 2122 ,
1204 2050 1484 2110 Teucros
1524 2067 1752 2112 conata
1789 2048 2096 2111 lacessere
2133 2042 2340 2110 bello!

722 2164 855 2225 Nec
897 2162 1019 2227 tibi
1057 2164 1345 2228 desertae
1386 2168 1451 2228 in
1494 2166 1700 2230 dumis
1741 2168 2010 2231 coluisse
2053 2168 2318 2229 Dianam

724 2280 1009 2359 Profuit,
1050 2301 1161 2347 aut
1202 2304 1445 2348 nostras
1482 2284 1744 2348 humero
1786 2303 2064 2375 gestasse
2105 2281 2463 2371 pharetras.

720 2402 861 2462 Non
905 2419 1109 2465 tamen
1149 2401 1507 2467 indecorem
1550 2420 1665 2465 tua
1711 2421 1775 2466 te
1813 2406 2034 2495 regina
2075 2401 2340 2488 reliquit

724 2520 1025 2584 Extrema
1050 2522 1171 2583 iam
1200 2523 1269 2583 in
1300 2536 1535 2585 morte:
1576 2542 1783 2609 neque
1813 2517 1930 2583 hoc
1961 2522 2096 2583 sine
2126 2520 2376 2581 nomine
2403 2518 2600 2582 letum

726 2641 843 2702 Per
884 2657 1105 2730 gentes
1145 2643 1308 2720 erit3
1348 2658 1462 2705 aut
1501 2637 1734 2704 famam
1773 2639 2040 2726 patieris
2081 2637 2357 2700 inultae.

724 2759 889 2822 Nam
933 2763 1324 2849 quicumque
1367 2779 1543 2823 tuum
1591 2758 1868 2822 violavit
1911 2755 2172 2819 vulnere
2213 2777 2478 2840 corpus,

722 2879 937 2941 Morte
976 2878 1111 2942 luet
1154 2882 1415 2944 merita.
1466 2880 1617 2940 Fuit
1661 2881 1883 2966 ingens
1923 2892 2134 2937 monte
2173 2872 2290 2936 sub
2331 2873 2462 2938 alto

726 2999 922 3088 Regis
962 2999 1273 3062 Dercenni
1316 3015 1567 3061 terreno
1608 3018 1687 3058 ex
1733 3016 1965 3086 aggere
2003 2992 2258 3058 bustum

734 3118 1005 3205 Antiqui
1048 3119 1419 3190 Laurentis,
1455 3137 1788 3203 opacaque
1825 3115 1976 3180 ilice
2014 3131 2288 3177 tectum:

726 3237 847 3299 Hic
886 3234 1005 3299 dea
1046 3257 1113 3298 se
1154 3238 1420 3322 primum
1464 3233 1693 3320 rapido
1735 3233 2162 3321 pulcherrima
2197 3234 2339 3296 nisu

720 3355 945 3430 Sistit,
988 3370 1051 3416 et
1102 3358 1445 3418 Arruntem
1489 3355 1739 3418 tumulo
1777 3354 2144 3442 speculatur
2188 3352 2270 3419 ab
2311 3351 2473 3415 alto,

723 3475 805 3534 Vt
848 3471 1015 3534 vidit
1058 3467 1409 3563 fulgentem
1459 3479 1677 3550 armis,
1715 3495 1788 3538 ac
1829 3497 1994 3537 vana
2038 3487 2422 3546 tumentem3

719 3590 878 3665 Cur,
921 3592 1170 3676 inquit,
1216 3589 1507 3656 diversus
1546 3587 1728 3658 abis?
1767 3591 1892 3657 huc
1929 3593 2140 3681 dirige
2179 3611 2497 3681 gressum,

722 3707 864 3769 Huc
904 3707 1195 3794 periture
1234 3713 1423 3788 veui3
1465 3713 1691 3797 capias
1734 3730 1808 3774 ut
1849 3711 2046 3800 digna
2086 3709 2391 3772 Camillae

722 3827 1044 3888 Praemia.
1084 3817 1130 3864 '¹‘
1174 3845 1323 3890 tune
1362 3833 1555 3894 etiam
1599 3832 1748 3894 telis
1789 3832 2058 3896 moriere
2092 3819 2376 3888 Dianae?
2417 3816 2464 3862 ’Ψ

721 3943 943 4021 Dixit,
984 3961 1047 4006 et
1090 3965 1309 4010 aurata
1348 3947 1671 4014 volucrem
1713 3946 2010 4012 Threissa
2050 3945 2352 4036 sagittam
