3400 5175
855 622 1322 681 AnNnmos
1387 623 1557 675 ΜΒ.
1623 622 1746 677 v1.
1943 598 2091 677 551
2230 602 2327 676 23

447 764 624 824 Porta
649 756 922 821 adversa
951 760 1178 845 ingens
1197 802 1216 833 ‚
1254 754 1588 841 solidoque
1617 753 1946 818 adamante
1973 755 2341 835 columnam,

447 884 551 942 Vis
594 900 664 941 ut
705 879 885 941 nulla
923 876 1169 953 virum,
1215 898 1338 939 non
1375 877 1500 959 ipsi
1543 874 1913 937 exscindere
1952 872 2122 937 ferro

450 1000 810 1061 Caelicolae
853 998 1146 1060 valeant.
1191 1001 1334 1059 Stat
1377 992 1580 1057 ferrea
1621 998 1815 1057 turris
1856 996 1933 1058 ad
1979 1018 2199 1059 auras:

449 1117 930 1203 Tisiphoneque
974 1117 1221 1191 sedens,
1273 1115 1446 1200 palla
1484 1117 1810 1177 succincta
1852 1135 2145 1193 cruenta,

447 1236 846 1299 Vestibulum
891 1240 1206 1299 exsomnis
1249 1254 1462 1297 servat
1503 1252 1851 1320 noctesque
1894 1234 2183 1323 diesque.

459 1360 616 1418 Hinc
655 1354 949 1417 exaudiri
997 1358 1304 1444 gemitus,
1346 1372 1410 1415 et
1449 1375 1638 1415 saeva
1683 1374 1903 1415 sonate

453 1474 756 1537 Verbera:
801 1494 936 1535 tum
981 1472 1217 1536 stridor
1258 1470 1454 1550 ferri,
1503 1492 1879 1559 tractaeque
1922 1492 2215 1535 catenae.

459 1596 760 1655 Constitit
806 1599 1080 1668 Aeneae,
1119 1596 1592 1679 strepitumque
1637 1595 1983 1655 exterritus
2027 1590 2271 1653 hausit:

452 1718 618 1793 Quae
657 1713 968 1777 scelerum
1009 1706 1252 1775 facies?
1297 1736 1333 1775 ο
1373 1716 1594 1801 virg0‚
1637 1709 1866 1775 effare:
1910 1710 2228 1798 quibusve

463 1837 781 1921 Vrgentnr
827 1826 1091 1919 poenis?
1133 1834 1248 1919 qui
1294 1850 1507 1894 tantus
1549 1833 1819 1921 plangor
1860 1830 1940 1895 ad
1980 1824 2205 1893 auras?

461 1955 614 2013 Tum
655 1970 836 2013 vates
877 1954 967 2013 sic
1008 1972 1150 2013 orsa
1181 1950 1393 2039 loqui:
1440 1956 1585 2014 Dux
1628 1952 1877 2040 inclyte
1914 1950 2255 2031 Teucrum,

457 2071 636 2134 Nulli
679 2070 774 2133 sas
817 2094 988 2135 casto
1028 2071 1406 2134 sceleratum
1450 2073 1741 2133 insistere
1784 2070 2009 2133 limen:

457 2190 572 2253 Sed
619 2214 748 2265 me,
793 2214 990 2277 quum
1035 2192 1198 2255 lucis
1243 2196 1482 2253 Hecate
1526 2188 1833 2277 praefecit
1880 2194 2183 2267 Arvernia,

461 2313 603 2395 Ipsa
645 2308 830 2374 det‘im
876 2334 1110 2397 poenas
1162 2311 1417 2385 docuit,
1464 2333 1705 2396 perque
1745 2315 1951 2373 omnia
1994 2311 2215 2374 duxit.

463 2434 730 2491 Gnosius
769 2428 928 2492 haec
973 2428 1456 2492 Rhadamantus
1499 2427 1690 2493 habet
1736 2431 2071 2494 durissima
2120 2452 2353 2519 regna,

461 2553 884 2640 Castigatque
927 2550 1242 2636 auditque
1287 2548 1502 2626 dolos;
1547 2549 1923 2639 subigitque
1964 2547 2190 2643 fateri,

461 2676 634 2751 Quae
674 2672 823 2756 quis
855 2669 1025 2755 apud
1067 2693 1356 2754 superbe,
1401 2667 1573 2732 furto
1604 2670 1881 2731 laetatus
1922 2672 2125 2746 inani,

462 2787 734 2850 Distulit
775 2789 839 2850 in
883 2810 1082 2850 seram
1119 2791 1448 2852 commissa
1487 2787 1743 2872 piacula
1786 2807 2086 2850 mortem.

463 2911 778 2970 Continuo
819 2927 1026 2970 sontes
1067 2908 1270 2971 ultrix
1313 2911 1604 2972 accincta
1647 2904 1907 2996 flagello

465 3027 818 3115 Tisiphone
860 3031 1070 3116 quatit
1108 3029 1460 3105 insultanS,
1503 3047 1838 3114 tortosque
1877 3029 2133 3090 sinistra

465 3153 796 3212 Intentans
840 3173 1116 3239 angueS,
1149 3169 1338 3212 vocat
1383 3151 1638 3238 agmina
1678 3171 1866 3210 saeva
1906 3170 2223 3211 sororum.

470 3273 630 3332 Tum
675 3269 924 3332 demum
967 3267 1296 3332 horrisono
1335 3268 1680 3332 stridentes
1721 3269 1983 3332 cardine
2024 3293 2237 3332 sacrae

469 3389 844 3452 Panduntur
882 3409 1137 3475 portae.
1178 3393 1434 3465 Cernis,
1478 3388 1775 3452 custodia
1813 3389 2024 3476 qualis

471 3508 813 3572 vestibulo
855 3503 1118 3572 sedeat?
1161 3507 1358 3572 facies
1398 3531 1562 3595 quae
1604 3509 1827 3571 limina
1868 3503 2123 3572 servet?

471 3631 956 3720 Quinquaginta
1003 3634 1158 3692 atris
1201 3631 1492 3692 immanis
1535 3627 1823 3694 hiatibus
1868 3628 2090 3715 Hydra

475 3749 732 3810 Saevior
773 3751 950 3810 intus
995 3745 1191 3811 habet
1237 3745 1479 3810 sedem.
1522 3751 1684 3808 Tum
1730 3751 2031 3808 Tartarus
2071 3749 2203 3830 ipse

477 3867 578 3927 Bis
610 3883 786 3952 patet
815 3869 882 3930 in
919 3889 1226 3953 praeceps
1254 3883 1538 3943 tantum,
1567 3865 1904 3951 tenditque
1935 3863 2051 3927 sub
2090 3861 2375 3940 umbram,

483 3987 770 4064 Quantus
809 3983 890 4050 ad
933 3983 1283 4050 aetherium
1329 3986 1491 4050 caeli
1531 4003 1857 4076 suspectus
1894 3981 2271 4080 Olympum.
