3400 5175
1022 452 1178 501 200
1638 444 1710 499 Ρ.
1796 442 2348 501 VIRGILII
2615 405 2762 498 188

1062 574 1199 668 (Vt
1239 580 1449 665 potius
1492 597 1665 653 reor,
1701 596 1764 639 et
1807 578 2020 662 potius
2059 574 2126 639 di
2169 578 2426 638 numine
2465 574 2790 669 firment),

1112 700 1252 761 Non
1290 718 1409 786 ego
1452 717 1566 759 nec
1610 696 1874 758 Teucris
1913 694 2114 756 Italos
2155 716 2378 779 parere
2423 690 2694 772 iubebo,

1112 819 1243 879 Nec
1282 812 1440 877 mihi
1480 835 1675 903 regna
1715 829 1890 897 peto.
1944 809 2208 875 Pasibus
2245 834 2310 873 se
2349 810 2604 900 legibus
2643 813 2862 878 ambae

1110 937 1398 998 Invictae
1440 951 1658 1021 gentes
1698 950 1956 993 aeterna
1995 934 2062 992 in
2101 926 2362 993 foedera
2401 937 2690 994 mittant.

1107 1057 1298 1118 Sacra
1336 1051 1617 1138 deosque
1658 1049 1852 1113 dabo:
1893 1069 2068 1111 nocer
2105 1070 2276 1111 arma
2312 1052 2575 1113 Latinus
2611 1048 2879 1128 habeto;

1106 1173 1450 1257 Imperium
1488 1169 1789 1233 sollemne
1827 1186 2038 1231 socer:
2083 1164 2238 1229 mihi
2277 1170 2523 1229 moenia
2564 1169 2800 1232 Teucri

1106 1291 1549 1369 Constituent,
1586 1285 1858 1372 urbique
1899 1282 2083 1347 dabit
2123 1286 2392 1347 Lavinia
2429 1304 2684 1347 nomen.

1104 1410 1212 1470 Sic
1252 1408 1429 1491 prior
1468 1409 1739 1466 Aeneas:
1779 1407 2072 1488 sequitur
2111 1406 2202 1467 sic
2243 1402 2472 1467 deinde
2512 1406 2808 1479 Latinus,

1104 1526 1469 1611 suspiciens
1508 1522 1783 1598 caelum,
1828 1521 2162 1608 tenditque
2199 1520 2274 1585 ad
2317 1520 2524 1585 sidera
2563 1520 2881 1585 dextram:

1106 1648 1277 1707 Haec
1312 1643 1568 1721 eadem,
1612 1647 1856 1719 Aenea,
1895 1644 2188 1717 Terram,
2227 1644 2433 1716 Mare,
2474 1638 2728 1715 Sidera,
2766 1642 2940 1715 iuro,-

1104 1734 1509 1849 Latonaeque
1548 1774 1744 1850 genus
1785 1757 2058 1844 duplex,
2101 1762 2453 1845 Ianumque
2494 1755 2877 1837 bifrontem,

1102 1884 1378 1966 Vimque
1414 1876 1599 1943 defun
1644 1876 1958 1941 infernam
1998 1895 2060 1940 et
2097 1876 2245 1941 duri
2287 1879 2558 1940 sacraria
2599 1881 2799 1941 Ditis:

1100 1996 1340 2061 Audiat
1380 1994 1533 2059 haec
1576 1999 1886 2071 Genitor,
1922 1996 2038 2081 qui
2076 1991 2335 2058 foedera
2373 1990 2641 2059 fulmine
2679 1998 2910 2073 sancit3

1102 2118 1327 2204 Tango
1370 2136 1539 2193 παις
1584 2114 1822 2179 medios
1863 2117 2044 2205 ignea
2082 2132 2146 2174 et
2185 2114 2443 2176 numina
2481 2131 2707 2177 testor:

1104 2232 1296 2297 Nulla
1330 2232 1465 2325 die?
1504 2254 1722 2319 pacem
1761 2230 1924 2297 hanc
1979 2230 2201 2307 Italis,
2245 2252 2358 2295 nec
2399 2228 2654 2294 foedera
2695 2247 2970 2317 rumpet,

1102 2356 1245 2431 Quo
1291 2373 1387 2414 ree
1424 2372 1700 2438 cumque
1743 2350 2001 2415 cadent:
2057 2372 2171 2414 nec
2211 2373 2307 2413 me
2347 2354 2445 2412 vis
2479 2349 2619 2413 ulla
2658 2350 2970 2419 volentem

1101 2474 1405 2547 Avertet3
1450 2490 1607 2546 non,
1646 2471 1701 2531 ai
1745 2469 2036 2533 tellurem
2077 2465 2364 2533 effundat
2405 2472 2473 2533 in
2513 2467 2742 2547 undas,

1098 2588 1368 2653 Diluvio
1404 2591 1697 2665 miscens,
1737 2589 2111 2675 caelumque
2149 2591 2216 2652 in
2257 2592 2522 2660 Tartara
2563 2589 2802 2655 solvat:

1098 2713 1182 2771 Vt
1212 2725 1527 2795 sceptrum
1554 2705 1673 2772 hoc
1692 2755 1712 2786 ,
1735 2708 1964 2772 dextra
1989 2725 2306 2794 sceptrum
2323 2729 2468 2770 nam
2496 2703 2662 2774 sorte
2683 2705 2967 2798 gerebat,

1097 2829 1456 2912 Numquam
1494 2821 1720 2890 fronde
1747 2826 1877 2889 levi
1903 2821 2127 2890 fundet
2157 2825 2448 2916 virgulta
2475 2847 2680 2912 neque
2701 2824 2976 2904 umbras,

1096 2948 1303 3022 Quum
1344 2944 1535 3008 semel
1574 2947 1643 3007 in
1678 2943 1896 3023 silvis,
1939 2949 2066 3009 imo
2108 2943 2188 3008 de
2227 2946 2428 3030 stirpe
2469 2947 2728 3008 recisum
2744 2991 2763 3022 ‚

1094 3065 1305 3124 Matre
1344 3080 1553 3138 caret,
1590 3067 1936 3151 posuitque
1977 3087 2182 3128 comae
2222 3081 2288 3127 et
2335 3061 2600 3128 brachia
2641 3059 2847 3142 ferro;

1097 3179 1263 3240 Olim
1308 3178 1523 3256 arbos,
1562 3201 1729 3244 nunc
1773 3181 2037 3248 artificis
2073 3205 2292 3248 manua
2331 3205 2472 3247 aere
2511 3182 2740 3246 decoro

1094 3297 1402 3372 Inclusit,
1440 3299 1856 3387 patribusque
1894 3300 2074 3366 dedit
2115 3321 2365 3392 gestare
2401 3305 2674 3365 Latinis.

1094 3388 1365 3480 Ta'libus
1406 3419 1573 3478 inter
1610 3439 1677 3480 se
1714 3415 2044 3485 firmabant
2081 3416 2340 3484 foedera
2377 3419 2600 3496 dictis,

1093 3537 1465 3620 Conspectu·
1493 3536 1560 3596 in
1602 3535 1810 3601 medio
1846 3559 2210 3624 procerum.
2261 3543 2426 3626 Tum·
2463 3541 2587 3602 rite
2623 3554 2899 3600 sacratas

1094 3657 1171 3716 ln
1208 3650 1509 3718 flammam
1550 3654 1848 3743 iugulant
1889 3655 2198 3742 pecudes,
2235 3675 2301 3720 et
2341 3660 2584 3721 viscera
2627 3659 2792 3720 vivis

1097 3774 1438 3859 Eripiunt,
1476 3772 1940 3865 cumulantque
1979 3778 2260 3840 oneratis
2303 3775 2594 3842 lancibus
2635 3795 2800 3840 aras.
