3400 5175
1243 512 1317 602 P
1334 514 1415 603 V
1434 442 1653 605 BLI
1673 519 1719 605 I

762 734 1378 847 VIRGILH
1494 734 2158 847 MARONIS

1094 1002 1828 1081 AENEIDOS

891 1268 1219 1337 LIBER
1312 1266 2022 1343 DVODECIMVS
2039 1310 2062 1337 .
2187 1284 2194 1291 “

1137 1476 1802 1524 w

580 1666 909 1817 Turnus
944 1765 1019 1811 nt
1056 1745 1360 1812 infractos
1396 1747 1661 1813 adverso
1693 1766 1892 1811 marte
1932 1752 2188 1815 Latinos

572 1867 895 1935 'Defecisse
933 1868 1149 1944 videt,
1187 1891 1303 1930 sus
1339 1889 1503 1931 nunc
1548 1870 1844 1953 promissa
1883 1872 2165 1956 reposci,

580 1994 661 2052 Se
696 1990 942 2077 signari
983 1988 1223 2063 oculist,
1268 1985 1439 2049 ultro
1482 1987 1908 2073 implacabilis
1949 1987 2163 2065 ardet,

580 2107 979 2193 Attollitque
1017 2107 1292 2167 animos.
1335 2107 1679 2168 Poenorum
1723 2108 1938 2194 qualis
1978 2112 2046 2172 in
2085 2110 2296 2184 arvis,-

582 2228 855 2290 Saucius
894 2223 1010 2287 ille
1049 2227 1234 2315 gravi
1270 2242 1611 2287 venantum
1652 2225 1916 2290 vulnere
1955 2243 2210 2314 pectus,

580 2346 747 2407 Tum
784 2341 1027 2406 demum
1072 2360 1281 2407 movet
1321 2365 1487 2406 arma
1531 2343 1665 2421 leo,
1705 2344 2081 2435 gaudetque
2122 2359 2438 2408 comantes

584 2466 938 2525 Excutiens
976 2464 1229 2524 cervice
1267 2478 1468 2538 toros,
1504 2459 1832 2547 fixumque
1874 2463 2140 2525 latronis

588 2578 961 2669 Impavidns
998 2576 1241 2670 frangit
1283 2580 1515 2658 telum,
1540 2599 1624 2660 ,et
1666 2576 1878 2644 fremit
1919 2602 2028 2645 ore
2069 2595 2366 2644 cruento:

586 2700 771 2764 Haud
814 2721 992 2763 secus
1034 2721 1293 2763 accenso
1334 2699 1555 2790 gliscit
1595 2700 1910 2764 violentia
1947 2703 2197 2762 Turno.

546 2841 553 2850 ·
592 2823 753 2882 Tum
796 2822 889 2881 sic
926 2815 1187 2881 adfatur
1228 2839 1473 2906 regem,
1511 2837 1705 2905 atque
1745 2822 1837 2882 ita
1876 2815 2170 2882 turbidus
2206 2813 2377 2880 infit:

588 2937 789 3000 ‘Nulla
830 2957 1003 2999 mora
1034 2938 1099 2998 in
1125 2939 1375 3010 Turno;
1406 2933 1569 3000 nihil
1598 2955 1693 3000 est
1723 2937 1898 3024 quod
1925 2937 2102 3001 dicta
2119 2951 2468 3000 retractent

590 3059 819 3147 Ignavi
866 3053 1230 3130 Aeneadae3
1270 3075 1417 3130 nec,
1459 3077 1624 3141 quae
1661 3058 2000 3146 pepigere,
2035 3073 2360 3119 recusent.

598 3173 1029 3265 Congredior.
1079 3177 1199 3236 Fer
1238 3194 1445 3248 sacra,
1490 3194 1704 3257 pater,
1743 3195 1805 3239 et
1848 3179 2114 3263 concipe
2154 3172 2406 3239 foedus.

595 3301 727 3359 Aut
771 3291 891 3358 hac
932 3269 1325 3356 Dardaninin
1366 3291 1594 3355 dextra
1634 3291 1756 3357 snb
1789 3297 2058 3358 Tartara
2100 3298 2349 3358 mittam

598 3415 993 3476 Desertorem
1037 3413 1227 3473 Asiae
1268 3405 1572 3496 (sedeant
1612 3425 2030 3498 spectentque
2067 3407 2362 3502 Latini),

599 3533 684 3594 Et
721 3531 893 3594 solus
935 3526 1105 3592 ferro
1146 3533 1385 3592 crimen
1424 3549 1752 3592 commune
1787 3521 2110 3592 refellam:

596 3655 730 3714 Aut
768 3647 1003 3712 habeat
1046 3651 1287 3723 victos;
1332 3647 1515 3710 cedat
1550 3648 1818 3709 Lavinia
1857 3647 2131 3708 coniux.

694 3767 827 3830 Olli
870 3765 1087 3829 sedato
1127 3748 1452 3852 respondit
1494 3763 1683 3827 corde
1723 3766 2023 3826 Latinust

603 3887 657 3947 Ο
696 3903 1017 3974 praestans
1054 3887 1249 3952 animi
1286 3887 1573 3964 iuvenis,
1616 3900 1928 3972 quantum
1965 3880 2102 3968 ipse
2141 3871 2341 4014 fegroci

2155 3982 2177 4014 ι
2355 3975 2360 3980 .
