3400 5175
873 618 1336 674 AENEIDos
1401 620 1765 675 L113.v1.
1910 596 2071 673 663
2218 623 2323 699 2?

434 758 677 843 Quique
721 756 826 816 sui
869 774 1169 815 memores
1213 752 1374 814 alios
1413 748 1620 814 fecere
1664 749 1991 815 merendo:

437 873 737 938 Omnibus
783 872 884 936 his
923 876 1110 935 nivea
1153 876 1501 961 cinguntur
1544 890 1829 957 tempora
1868 874 2068 933 vitta.

433 998 597 1073 Quos
634 990 1050 1056 circumfusos
1088 995 1178 1055 sic
1220 1010 1316 1054 est
1361 990 1580 1055 adfata
1620 991 1909 1079 Sibylla3

439 1118 759 1176 Musaeum
803 1132 954 1175 ante
993 1136 1236 1175 ornnes:
1283 1111 1558 1174 medium
1601 1134 1740 1173 nam
1784 1111 2059 1197 plurima
2104 1106 2295 1170 turba

444 1238 624 1294 Hunc
665 1230 896 1307 habet,
939 1249 1128 1320 atque
1155 1232 1432 1294 humeris
1459 1248 1815 1291 exstantem
1846 1232 2111 1313 suspicit
2144 1228 2325 1289 altis:

447 1352 691 1426 Dicite,
731 1346 953 1426 felices
994 1352 1281 1425 animae,
1318 1368 1557 1435 tuque,
1599 1352 1841 1434 optime
1882 1366 2093 1423 vates3

445 1473 614 1547 Quae
654 1471 834 1557 regio
877 1466 1228 1545 Anchisen,
1275 1472 1419 1555 quis
1464 1465 1657 1530 habet
1697 1460 1919 1529 locus?
1966 1466 2140 1527 illius
2180 1486 2331 1554 ergo

447 1592 780 1663 Venimus,
821 1604 882 1649 et
927 1610 1180 1677 magnos
1225 1587 1415 1652 Erebi
1458 1590 1852 1649 tranavimus
1898 1609 2139 1649 amnes.

451 1712 656 1793 Atque
693 1704 846 1768 huic
889 1728 1251 1793 responsum
1295 1710 1517 1793 paucis
1558 1711 1646 1769 ita
1690 1705 1968 1770 reddidit
2014 1705 2232 1769 heros:

445 1826 622 1888 Nulli
668 1846 846 1888 certa
889 1824 1138 1890 domus.
1179 1832 1368 1891 Lucis
1407 1826 1766 1891 habitamus
1809 1830 2061 1913 opacis,

445 1950 881 2035 Riparumque
925 1967 1091 2011 toros
1130 1962 1196 2012 et
1240 1968 1422 2034 prata
1464 1953 1745 2010 recentia
1789 1949 1943 2009 rivis

449 2067 825 2129 IncolimuS.
867 2066 990 2131 Sed
1033 2090 1178 2144 vos,
1219 2070 1272 2129 si
1317 2066 1441 2131 fert
1485 2068 1576 2129 ita
1619 2068 1807 2131 corde
1849 2066 2174 2141 voluntas,

447 2188 580 2248 Hoc
623 2204 920 2272 superate
963 2190 1218 2277 iugum余
1261 2208 1323 2250 et
1366 2185 1548 2251 facili
1592 2190 1715 2251 iam
1752 2188 2008 2249 tramite
2047 2188 2297 2247 sistam.

452 2307 670 2381 Dixit,
712 2324 774 2367 et
817 2324 965 2368 ante
1003 2308 1155 2370 tulit
1203 2331 1525 2398 gressum,
1563 2330 1945 2393 camposque
1988 2308 2267 2367 nitentes

455 2427 738 2510 Desuper
767 2402 1086 2489 ostentat:
1117 2427 1350 2491 dehinc
1382 2450 1620 2490 summa
1647 2432 1973 2492 cacumina
1995 2427 2337 2511 linquunt.

545 2548 628 2605 At
675 2564 854 2629 pater
899 2544 1206 2610 Anchises
1249 2553 1508 2636 penitus
1551 2548 1843 2612 convalle
1881 2547 2120 2609 virenti

452 2663 734 2726 Inclusas
771 2669 1042 2742 animas,
1085 2691 1513 2757 superumque
1555 2668 1634 2730 ad
1673 2667 1887 2729 lumen
1928 2669 2170 2738 itui-aa,

455 2782 796 2848 Lustrabat
835 2785 1049 2849 studio
1089 2789 1402 2864 recolens,
1445 2809 1823 2874 omnemque
1862 2808 2111 2848 suorum

459 2905 642 2964 Forte
685 2905 1045 2969 recensebat
1091 2930 1414 2971 numerum
1440 2957 1456 2985 ,
1501 2930 1810 2996 carosque
1852 2921 2115 2992 nepotes
2131 2949 2148 2980 ,

461 3026 781 3110 Fataque,
825 3022 1244 3115 fortunasque
1285 3025 1520 3106 virum,
1567 3050 1929 3116 moresque,
1972 3045 2345 3111 manusque.

459 3144 648 3228 Isque
689 3143 804 3206 ubi
849 3146 1210 3210 tendentem
1253 3148 1582 3212 adversum
1629 3170 1741 3235 per
1784 3150 2065 3239 gramina
2104 3143 2273 3206 vidit

461 3267 749 3337 Aenean,
795 3263 1028 3328 alacris
1070 3267 1306 3352 palmas
1349 3289 1652 3355 utrasque
1691 3268 2003 3344 tetendit余

465 3377 847 3474 Effusaeque
891 3387 1068 3473 genis
1108 3387 1463 3474 lacrymae3
1507 3407 1568 3450 et
1609 3411 1737 3450 vox
1781 3386 2023 3450 excidit
2066 3407 2203 3447 ore:

463 3502 710 3562 'Venisti
758 3502 1040 3580 tandem,
1085 3524 1328 3592 tuaque
1373 3525 1661 3594 spectata
1708 3511 1961 3594 parenti

465 3623 640 3682 Vicit
683 3627 807 3684 iter
849 3623 1076 3686 durum
1117 3622 1366 3712 pietas?
1405 3627 1596 3691 datur
1638 3651 1749 3691 ora
1792 3630 1991 3702 tueri,

463 3740 662 3816 Nate,
707 3759 851 3817 tua余
891 3762 954 3807 et
993 3763 1176 3808 notas
1211 3745 1434 3809 audire
1474 3767 1534 3810 et
1579 3748 1843 3811 reddere
1885 3736 2119 3808 voces?

468 3863 570 3922 Sic
615 3863 914 3948 equidem
959 3863 1264 3928 ducebam
1313 3871 1556 3943 animO,
1595 3867 1907 3951 rebarque
1950 3861 2271 3940 futurum,

467 3985 780 4068 Tempora
817 3981 1260 4064 dinumerans余
1303 4011 1413 4052 nec
1460 4011 1553 4050 me
1599 4008 1925 4049 mea.cura
1972 3981 2243 4049 fefellit.
