3400 5175
1060 633 1217 735 278
1448 635 1459 645 '
1684 652 2402 708 CATALECTA·

1160 782 1409 859 Multa,
1452 806 1657 869 neque
1700 786 2046 858 inmeritis,
2085 783 2344 846 donavit
2389 788 2666 870 praemia
2705 787 3007 867 alumniS,

1256 904 1533 967 Praemia
1582 903 1896 965 Messallis
1938 905 2208 965 maxima
2251 904 2630 989 Poplicolis.

1158 1027 1291 1088 Iam
1330 1020 1487 1108 quid
1529 1042 1649 1111 ego
1690 1025 1977 1085 immensi
2023 1043 2352 1089 memorem
2373 1022 2586 1085 studia
2616 1026 2736 1085 ista
2765 1019 3035 1088 laboris?

1258 1140 1529 1204 Horrida
1570 1140 1728 1228 quid
1769 1140 1961 1205 durae
2000 1158 2282 1227 tempora
2327 1136 2636 1204 militiae?

1152 1267 1371 1326 Castra
1410 1258 1545 1324 foro
1586 1260 1845 1337 solitos,
1889 1260 2028 1324 urbi
2074 1283 2455 1347 praeponere
2491 1283 2727 1337 castra,

1250 1385 1405 1444 Tam
1449 1380 1671 1469 procul
1713 1402 1749 1443 a
1789 1384 1986 1455 node,
2029 1398 2154 1442 tam
2193 1379 2416 1465 procul
2460 1402 2494 1440 a
2537 1374 2785 1466 patria?

1151 1498 1573 1563 Immoderata
1616 1502 1753 1584 pati
1795 1520 1956 1561 nuuc
1997 1494 2270 1587 frigora,
2315 1521 2612 1587 nuncque
2653 1493 2936 1563 calores?

1248 1622 1525 1680 Sterterc
1564 1616 1667 1679 vel
1706 1616 1865 1679 dura
1903 1638 2082 1703 posse
2123 1639 2312 1703 super
2351 1612 2575 1680 silice?

1148 1741 1347 1822 Saepe
1386 1756 1625 1799 trucem
1662 1734 1923 1799 adverso
1965 1736 2214 1823 perlabi
2255 1736 2460 1800 sidere
2501 1730 2808 1823 pontum?

1250 1860 1446 1943 Saepe
1486 1876 1653 1919 mare
1692 1854 1982 1919 audendo
2022 1859 2307 1933 vincere,
2343 1878 2530 1941 saepe
2571 1848 2882 1919 hiemem?

1146 1978 1342 2061 Saepe
1379 1978 1569 2037 etiam
1612 1974 1836 2038 densos
1875 1978 2213 2039 immittere
2249 1996 2476 2060 corpus
2519 1978 2578 2037 in
2623 1972 2873 2051 hostes3

1243 2097 1645 2157 Communem
1684 2094 1840 2157 belli
1886 2116 2000 2159 nec
2045 2097 2329 2157 timuisse
2370 2087 2600 2157 deum?

1142 2214 1326 2275 Nunc
1368 2210 1605 2275 celeres
1646 2208 1866 2289 Afros,
1911 2216 2322 2301 perituraque
2364 2212 2600 2288 millia,
2645 2217 2932 2289 Mauros,

1238 2334 1444 2393 Aurea
1488 2352 1653 2393 nunc
1698 2332 1908 2427 rapidi
1952 2331 2210 2394 flumina
2251 2330 2426 2393 adire
2469 2324 2672 2419 Tagi?

1144 2452 1327 2513 Nunc
1370 2449 1559 2513 aliam
1604 2471 1685 2514 ex
1723 2450 1849 2515 alia
1885 2450 2178 2515 bellando
2213 2470 2514 2537 quaerere
2556 2442 2851 2539 gentem?

1244 2570 1516 2632 Vincere
1558 2589 1621 2632 et
1663 2572 1900 2634 Oceani
1937 2568 2165 2635 finibus
2205 2561 2520 2633 ulterius?

1138 2689 1284 2750 ‘Nou
1323 2705 1607 2750 nostrum
1646 2709 1740 2752 est
1785 2713 2058 2777 uuquam
2101 2707 2310 2752 tantas
2351 2691 2674 2778 attingere
2717 2687 2976 2763 laudes;

1239 2810 1405 2887 Quin
1450 2811 1647 2871 ausim
1692 2807 1810 2872 hoc
1851 2813 2038 2872 etiam
2080 2809 2328 2886 dicere,
2371 2811 2482 2871 vix
2527 2805 2845 2870 homiuum
2889 2823 3016 2867 est.

1142 2927 1290 3012 Ipsa
1316 2923 1469 2991 haec
1493 2950 1558 2990 se
1588 2933 1722 3013 ipsa
1749 2925 1952 2992 ferent
1982 2951 2187 2992 rerum
2217 2947 2610 2990 monumenta
2638 2949 2746 3011 per
2772 2923 3012 3002 orbem;

1235 3046 1383 3130 Ipsa
1424 3043 1547 3108 sibi
1588 3049 1916 3135 egregium
1963 3044 2132 3110 facta
2169 3045 2361 3111 decus
2403 3049 2684 3131 parient.

1136 3164 1300 3240 Nos,
1344 3166 1395 3226 si
1432 3186 1597 3250 quae
1636 3183 1844 3229 tecum
1885 3164 2202 3230 finxerunt
2241 3169 2518 3228 carmina
2560 3163 2732 3238 divi,

1232 3279 1585 3369 Cynthius,
1628 3303 1690 3346 et
1737 3289 1987 3361 Musae,
2031 3283 2348 3362 Bacchus,
2391 3301 2452 3346 et
2495 3282 2770 3372 Aglaie,

1132 3396 1353 3462 Laude
1394 3399 1786 3488 adspiramus
1827 3423 2078 3467 nostrae
2117 3421 2364 3467 tentare
2405 3405 2750 3478 Camenae;

1231 3521 1294 3580 Si
1340 3522 1550 3604 patrio
1593 3523 1822 3585 Graios
1862 3525 2137 3587 carmine
2180 3523 2356 3587 adire
2395 3522 2556 3586 sales

1128 3638 1491 3714 Possumus;
1530 3643 1786 3726 optatis.
1811 3641 1956 3726 plus
1997 3644 2119 3706 iam
2159 3640 2556 3728 procedimus
2593 3642 2784 3725 ipsis:

1224 3759 1361 3822 Hoc
1402 3763 1555 3823 satis
1592 3777 1722 3824 est:
1763 3761 1988 3852 pingui
2031 3761 2125 3826 nil
2165 3760 2320 3827 mihi
2361 3784 2501 3824 cum
2545 3760 2826 3852 populo.
