3400 5175
777 588 1250 646 Annnmos
1307 588 1747 645 1.1n.v111.
1862 570 2025 673 439
2179 574 2280 648 83

404 724 644 791 Tollite
669 740 910 786 cuncta
930 768 949 799 ,
975 722 1222 809 inquit,
1245 736 1636 808 coeptusque
1665 719 1912 785 auferte
1936 722 2217 804 laboreS,

401 846 668 910 Aetnaei
711 842 1064 932 Cyclopes,
1102 858 1167 903 et
1205 836 1332 903 huc
1378 840 1696 905 advertite
1741 860 2043 906 mentem.

402 971 596 1027 Arma
635 964 770 1025 acri
812 957 1106 1023 facienda
1145 960 1317 1021 vim.
1363 960 1548 1023 Nunc
1589 958 1838 1023 viribus
1876 984 2055 1039 usus,

403 1086 584 1147 Nunc
624 1077 920 1143 manibus
961 1075 1237 1163 rapidiS,
1274 1080 1442 1139 omni
1487 1100 1649 1141 nunc
1693 1097 1831 1142 arte
1872 1084 2207 1171 magistra.

409 1202 845 1287 Praecipitate
885 1218 1120 1260 moras.
1163 1198 1296 1259 Nec
1339 1196 1528 1282 plura
1563 1194 1826 1262 effatus:
1870 1218 1931 1262 at
1969 1201 2071 1264 illi

414 1322 604 1384 Ocius
647 1316 1000 1383 incubuere
1043 1338 1285 1393 omnes,
1325 1317 1702 1403 pariterque
1744 1316 2025 1381 laborem

415 1440 666 1502 Sortiti:
715 1435 858 1499 fluit
900 1456 1002 1499 aes
1046 1437 1227 1511 rivis,
1269 1437 1542 1521 aurique
1581 1436 1937 1515 metallum3

415 1554 900 1643 vulnificusque
935 1552 1202 1643 chalybs
1242 1570 1421 1616 vasta
1463 1550 1719 1618 fornace
1758 1554 2097 1643 liquescit.

421 1680 751 1765 Ingentem
793 1672 1067 1761 clipeum
1113 1668 1492 1751 informant,
1535 1696 1732 1737 unum
1766 1678 1973 1739 omnia
2011 1694 2232 1741 contra

420 1794 574 1858 Tela
613 1796 1016 1870 Latinorum;
1059 1809 1482 1879 septenosque
1521 1788 1785 1855 orbibus
1826 1792 2009 1857 orbes

424 1911 825 2001 Impediunt.
865 1911 1000 1976 Alii
1039 1914 1318 1977 ventosis
1362 1908 1630 1976 follibus
1668 1934 1859 1975 auras

425 2035 770 2119 Accipiunt
807 2030 1248 2120 redduntque:
1293 2030 1409 2094 alii
1443 2020 1792 2096 'stridentia
1832 2034 2093 2123 tingunt

431 2152 590 2213 Aera
628 2149 806 2213 lacu.
850 2151 1060 2213 Gemit
1100 2151 1414 2235 impositis
1455 2149 1795 2216 incudibus
1834 2170 2116 2216 antrum.

431 2268 534 2331 Illi
577 2274 748 2333 inter
791 2289 922 2331 sese
962 2265 1164 2332 multa
1204 2270 1271 2330 vi
1314 2265 1580 2333 brachia
1623 2272 1865 2335 tollunt

433 2392 505 2451 In
541 2409 911 2464 numerum,
947 2404 1332 2475 versantque
1375 2391 1584 2455 tenaci
1625 2385 1873 2476 forcipe
1914 2412 2196 2454 massam.

528 2510 702 2571 Haec
745 2521 926 2592 pater
963 2506 1204 2569 Aeoliis
1245 2525 1546 2596 properat
1589 2506 1736 2573 dum
1776 2512 2071 2573 Lemnius
2110 2512 2272 2587 oris,

437 2623 801 2690 Euandrum
843 2647 924 2688 ex
961 2621 1207 2690 humili·
1235 2643 1406 2692 tecto
1447 2627 1562 2690 lux
1601 2632 1871 2690 suscitat
1915 2629 2115 2707 alma,

435 2749 516 2808 Et
555 2747 866 2808 matutini
907 2745 1240 2809 volucrum
1283 2745 1402 2810 sub
1443 2745 1725 2808 culmina
1763 2767 2025 2811 cantus.

436 2864 778 2954 Consurgit
819 2865 1058 2941 senior,
1101 2866 1458 2954 tunicaque
1501 2862 1833 2930 inducitur
1873 2885 2079 2944 artus,

437 2987 516 3047 Et
560 2979 906 3073 Tyrrhena
947 2981 1176 3068 pedum
1205 2983 1558 3049 circumdat
1601 2982 1859 3049 vincula
1896 2982 2169 3070 plantis3

440 3107 598 3166 Tum
639 3101 830 3166 lateri
851 3121 1045 3190 atque
1067 3099 1344 3186 humeris
1370 3107 1727 3196 Tegeaeum
1762 3103 2050 3197 subligat
2082 3128 2289 3170 ensem
2310 3152 2329 3185 ,

441 3225 725 3286 Demissa
765 3219 850 3286 ab
891 3220 1074 3286 laeva
1117 3221 1465 3309 pantherae
1507 3243 1690 3315 terga
1727 3243 2130 3312 retorquens.

446 3345 582 3406 Nec
621 3365 746 3405 non
789 3360 850 3406 et
893 3345 1131 3434 gemini
1173 3342 1464 3407 custodes
1505 3344 1723 3408 limine
1766 3343 1846 3408 ab
1888 3346 2021 3408 alto

451 3461 844 3526 Praecedunt
882 3485 1298 3551 gressumque
1337 3485 1520 3528 canes
1557 3467 1942 3527 comitantur
1981 3458 2284 3527 herilem.

457 3583 744 3668 Hospitis
787 3586 1036 3645 Aeneae
1075 3581 1280 3647 sedem
1323 3600 1387 3647 et
1433 3600 1679 3648 secreta
1716 3579 2013 3668 petebat,

453 3705 818 3766 Sermonum
858 3724 1090 3766 memor
1131 3721 1194 3767 et
1237 3705 1530 3790 promissi
1567 3703 1879 3777 muneris,
1924 3698 2147 3763 heros.

451 3823 582 3888 Nec
625 3825 834 3885 minus
875 3825 1116 3887 Aeneas
1152 3845 1219 3887 se
1256 3826 1605 3888 matutinus
1647 3819 1913 3910 agebat.

455 3939 654 4005 Filius
695 3939 852 4006 huic
889 3943 1141 4023 Pallas,
1179 3943 1285 4008 illi
1325 3965 1536 4008 comes
1576 3939 1714 4004 ibat
1757 3933 2070 4001 Achates.
