3400 5175
841 623 1307 681 Anunrnos
1374 625 1547 677 ΜΒ.
1618 625 1744 680 vr.
1887 600 2041 679 831
2196 602 2299 679 33

403 763 522 835 Ne,
566 762 791 845 pueri,
834 780 911 819 ne
951 776 1130 819 tanta
1172 759 1398 819 animis
1438 757 1795 822 adsuescite
1831 758 2039 824 bella:

398 882 530 941 Neu
573 880 826 963 patriae
867 876 1115 940 validas
1154 878 1220 939 in
1263 880 1510 941 viscera
1555 883 1791 942 vertite
1826 884 2033 944 vires.

403 1001 628 1084 Tuque
667 1000 884 1083 prior,
927 1014 997 1058 tu
1043 1019 1266 1083 parce,
1309 1018 1510 1085 genus
1554 1004 1668 1085 qui
1712 999 1896 1063 ducis
1935 1000 2238 1089 Olympo:

406 1120 649 1180 Proiice
695 1114 828 1179 tela
869 1136 1095 1189 manu,
1138 1120 1396 1205 sanguis
1437 1140 1637 1180 meus.

411 1236 531 1299 Ille
573 1232 978 1320 triumphata
1021 1234 1346 1320 Capitolia
1387 1234 1462 1297 ad
1505 1237 1636 1299 alta
1675 1235 1989 1301 Corintho

398 1360 618 1420 Victor
663 1374 818 1445 aget
861 1376 1146 1431 currum,
1199 1357 1396 1417 caesis
1441 1356 1713 1443 insignis
1754 1354 2051 1419 Achivis.

403 1474 598 1538 Eruet
645 1474 762 1536 ille
811 1479 1044 1561 Argos,
1087 1478 1746 1563 Agamemnoniasque
1786 1480 2127 1565 Mycenae,

401 1596 744 1680 Ipsumque
789 1591 1148 1669 Aeaciden,
1191 1614 1390 1683 genus
1427 1597 1869 1681 armipotentis
1912 1594 2235 1679 Achillen

401 1714 582 1775 Vltus
626 1735 781 1775 avos
823 1716 1086 1790 Troiae,
1129 1712 1366 1799 templa
1412 1732 1476 1776 et
1517 1733 1829 1779 temerata
1870 1720 2234 1782 Minervae.

401 1837 545 1911 Quis
562 1850 661 1911 te,
677 1856 904 1923 magne
917 1837 1108 1910 Cato,
1125 1835 1392 1897 tacitum
1411 1882 1428 1912 ,
1450 1854 1556 1898 aut
1581 1854 1644 1899 te
1662 1884 1680 1915 ‚
1702 1840 1922 1916 Cosse,
1944 1834 2297 1928 relinquat?

398 1958 545 2033 Quis
569 1952 857 2019 Gracchi
887 1978 1121 2045 genus,
1153 1973 1262 2017 aut
1291 1957 1616 2045 geminos,
1645 1954 1774 2020 duo
1804 1952 2073 2023 fulmina
2102 1957 2295 2037 belli,

398 2074 756 2161 Scipiadas,
799 2073 1044 2139 cladem
1086 2074 1368 2163 Libyae,
1413 2096 1741 2161 parvoque
1784 2096 2109 2163 potentem

397 2194 802 2273 Fabricium3
845 2194 949 2257 vel
995 2211 1055 2257 te
1095 2194 1314 2270 sulec,
1359 2196 1663 2272 Serrane,
1708 2190 2063 2261 serentem?

396 2314 528 2390 Quo
571 2308 804 2374 fessum
843 2314 1108 2399 rapitis,
1151 2306 1382 2376 Fabii?
1424 2332 1494 2377 tu
1538 2317 1859 2379 Maximus
1902 2316 2013 2381 ille
2047 2340 2147 2397 es,

332 2427 336 2430 ’
395 2433 568 2491 'Vnus
612 2433 730 2517 qui
775 2429 957 2494 nobis
996 2433 1362 2497 cunctando
1405 2437 1689 2498 restituis
1730 2458 1887 2501 rem.

397 2549 733 2616 Excudent
780 2550 895 2614 alii
937 2554 1251 2637 spirantia
1297 2552 1551 2618 mollius
1585 2578 1769 2632 aera,

363 2647 594 2736 ’Credo
633 2670 960 2759 equidem,
1002 2674 1182 2735 vivos
1221 2671 1460 2736 ducent
1501 2671 1580 2736 de
1621 2695 1925 2738 marmore
1966 2673 2222 2752 vultus;

395 2789 683 2854 Orabunt
729 2812 982 2853 caussas
1025 2791 1280 2870 melius,
1327 2793 1628 2881 caelique
1673 2811 1920 2856 meatus

397 2909 774 2975 Describent
820 2910 1038 2988 radio,
1085 2931 1147 2974 et
1187 2916 1520 3004 surgentia
1555 2910 1767 2976 sidera
1808 2913 2057 2976 dicent:

393 3033 485 3092 Tu
528 3053 756 3122 regere
791 3035 1062 3119 imperio
1103 3033 1410 3120 populos,
1451 3035 1765 3109 Romane,
1805 3051 2150 3108 memento;

395 3154 528 3216 Hae
571 3150 695 3214 tibi
741 3169 925 3216 erunt
968 3170 1172 3232 artes;
1218 3158 1526 3243 pacisque
1568 3157 1893 3240 imponere
1934 3177 2197 3233 morem,

394 3271 660 3338 Parcere
701 3273 1052 3350 subiectiS,
1095 3293 1159 3337 et
1200 3272 1525 3338 debellare
1567 3271 1904 3358 superbos.

492 3394 598 3456 Sic
645 3410 834 3478 pater
873 3391 1216 3471 Anchises,
1261 3411 1457 3481 atque
1486 3391 1644 3455 haec
1673 3391 2049 3455 mirantibus
2080 3389 2293 3454 addit:

397 3509 711 3598 Adspice,
754 3530 825 3574 ut
869 3515 1140 3625 insignis
1181 3513 1402 3599 spoliis
1439 3512 1789 3578 Marcellus
1834 3515 2063 3599 opimis

395 3629 805 3718 Ingreditur,
855 3635 1200 3720 victorque
1240 3635 1412 3696 viros
1453 3635 1879 3720 supereminet
1924 3623 2163 3693 omnes!

397 3749 516 3811 Hic
561 3771 688 3812 rem
738 3753 1118 3830 Romanam,
1160 3773 1390 3841 magno
1431 3751 1731 3815 turbante
1773 3749 2093 3822 tumultu,

393 3871 623 3946 Sistet‚
667 3891 862 3956 eques
901 3887 1137 3933 sternet
1183 3874 1452 3946 Poenos,
1492 3870 1883 3954 Gallumque
1925 3863 2262 3942 rebellem,

394 3987 742 4076 'leniaque
782 4011 950 4052 arma
995 3993 1166 4076 patri
1207 3989 1547 4078 suspendet
1593 4004 1783 4076 capta
1822 3988 2126 4126 Quirinp.
