3400 5175
1033 643 1539 701 cvnnx.
1723 626 1872 702 163
2034 613 2326 728 ‘237-

409 776 705 839 Immanis
742 777 923 838 vario
962 775 1319 841 maculatus
1356 798 1620 863 corpore
1660 799 1950 865 serpens,

410 898 655 957 Mersus
697 912 764 956 ut
811 896 876 957 in
916 893 1069 957 limo
1110 917 1364 986 magnos
1405 894 1760 959 subsideret
1801 910 2066 974 aestus,‘

413 1011 617 1076 Obvia
658 1011 939 1076 vibranti
977 1036 1243 1100 carpens
1282 1016 1495 1105 gravis
1530 1022 1673 1077 aeta
1711 1016 1972 1106 lingua,

416 1135 791 1219 squamosos
828 1133 957 1196 late
1000 1132 1342 1220 torquebat
1381 1131 1653 1197 nexibus
1692 1132 1908 1197 orbes.

415 1250 749 1316 Pallebant
788 1273 984 1315 aurae
1026 1253 1285 1317 liventis
1325 1252 1407 1317 ad
1446 1254 1655 1315 omina
1697 1255 1904 1315 visus.

416 1372 547 1434 Iam
588 1373 785 1461 magis
821 1389 1019 1459 atque
1062 1375 1263 1462 magis
1304 1393 1535 1458 corpus
1578 1369 1923 1435 resolubile
1965 1370 2222 1434 volvens

419 1489 685 1553 attollit
722 1490 949 1555 nitidis
992 1509 1213 1579 pectus
1254 1487 1657 1581 fulgoribus,
1700 1508 1763 1553 et
1803 1512 1869 1553 se

416 1608 689 1673 Sublimi
725 1612 977 1674 cervice
1016 1613 1230 1696 rapit3
1274 1608 1419 1673 dum
1466 1613 1661 1672 crista
1698 1628 1966 1695 superne

418 1725 611 1790 Edita
652 1749 969 1814 purpureo
1006 1726 1226 1790 lucens
1271 1728 1625 1792 maculatur
1664 1730 1938 1804 amictu,

424 1844 874 1933 Adspectuque
916 1842 1579 1909 micant-flammantia
1620 1846 1864 1911 lumina
1902 1864 2120 1907 torvo.

422 1963 715 2028 Metsbat
755 1965 887 2027 late
924 1966 1161 2028 circum
1201 1964 1371 2029 loca:
1419 1984 1551 2029 tum
1591 1963 1772 2030 videt
1812 1967 2042 2055 anguis

422 2082 769 2147 Adversum
811 2080 1115 2146 recubare
1153 2082 1375 2147 ducem
1420 2086 1665 2175 gregis.
1720 2085 1946 2147 Acrior
1984 2084 2213 2157 instat,

423 2204 689 2265 Lumina
727 2198 1121 2279 diffundens,
1166 2200 1523 2280 intendere,
1563 2220 1627 2265 et
1666 2200 1854 2267 obvia
1897 2218 2116 2264 torvus

424 2324 687 2407 Saepius
728 2320 1049 2407 adripiens
1084 2317 1467 2413 infringere,
1508 2320 1679 2410 quod
1721 2344 1836 2385 sua
1877 2323 2212 2409 quisquam

427 2439 520 2504 Ad
563 2438 726 2503 vada
765 2443 1081 2519 venisset3
1128 2457 1372 2504 matura
1414 2459 1477 2504 et
1514 2457 1841 2527 comparat
1879 2460 2082 2503 arma.

428 2554 629 2623 Ardet
672 2576 911 2637 mente,
956 2556 1111 2624 furit
1147 2558 1557 2638 stridoribus,
1600 2563 1848 2624 intonat
1889 2580 2028 2635 ore,

428 2675 737 2743 Flexibus
777 2695 841 2742 et
877 2680 1073 2742 versis
1118 2697 1455 2775 torquetur
1496 2699 1728 2764 corpus
1771 2681 1837 2740 in
1876 2675 2096 2752 orbes;

428 2801 692 2861 Manant
734 2799 1115 2889 sanguineae
1158 2820 1269 2886 per
1312 2815 1558 2862 tractus
1592 2795 1876 2882 undique
1917 2809 2178 2884 guttae;

434 2916 713 3001 Spiritus
751 2934 814 2978 et
858 2919 1095 3003 rumpit
1140 2913 1391 2982 fauces:
1434 2939 1563 3006 quo
1602 2933 1837 2980 cuncta
1876 2929 2175 3001 parante,

430 3033 735 3096 Parvulus
776 3031 1058 3099 humoris
1098 3055 1409 3122 pastorem
1449 3051 1732 3100 exterret
1773 3032 2091 3108 alumnus,

432 3155 513 3216 Et
559 3171 821 3216 mortem
861 3157 1068 3218 vitare
1108 3173 1348 3234 monet,
1386 3178 1499 3242 per
1536 3152 1815 3242 spicula:
1861 3171 2162 3238 namque,

434 3275 571 3352 Qua
613 3271 877 3337 diducta
916 3277 1095 3363 genis
1138 3273 1503 3362 pandebant
1544 3273 1786 3337 lumina
1825 3292 2134 3362 gemmas,

434 3393 571 3455 Hac
615 3395 879 3456 senioris
921 3411 1059 3456 erat
1102 3413 1341 3457 mature
1379 3391 1621 3479 pupula
1658 3389 1790 3452 telo

433 3511 579 3573 Icta
617 3509 778 3573 levi.
830 3513 935 3575 Sic
974 3511 1273 3598 prosiluit
1314 3507 1730 3585 furibundus,
1770 3525 1834 3570 et
1877 3507 2058 3570 illum

337 3701 351 3720 ἣ
438 3627 761 3694 obtritum
804 3633 993 3694 morti
1036 3634 1247 3708 misit,
1287 3632 1394 3694 eui
1435 3627 1693 3692 dissitus
1733 3631 1934 3690 omnis

441 3750 721 3836 Spiritus
760 3751 1031 3812 excessit
1072 3753 1331 3813 sensim.
1383 3752 1543 3811 Tum
1588 3763 1771 3810 torva
1806 3761 2122 3808 tenentem

441 3868 705 3929 Lumina
749 3871 1072 3954 prospexit
1114 3885 1465 3957 serpentem
1504 3866 1880 3930 comminus:
1925 3862 2072 3925 inde

444 3985 763 4078 Impiger,
803 3991 1145 4069 exanimis,
1180 3991 1293 4056 vix
1336 4007 1589 4074 compos
1629 3999 1866 4060 mente,
1905 3977 2180 4070 refugit,
