3400 5175
1011 607 1710 717 CVLEX.

870 1184 1043 1260 AD
1132 1180 1899 1264 OCTAVIVM.

470 1408 861 1554 Lusimus,
904 1480 1167 1554 Octavi,
1206 1478 1441 1567 gracili
1484 1480 1852 1545 modulante
1888 1482 2157 1565 Thalia3

470 1606 717 1687 Atque,
763 1614 831 1659 ut
873 1596 1191 1673 araneoli,
1234 1616 1485 1661 tenuem
1530 1595 1944 1666 formavimus
1980 1627 2218 1671 orsum:

467 1723 787 1783 Lusimus:
833 1714 987 1779 haec
1032 1736 1293 1802 propter
1332 1717 1579 1781 Culicis
1626 1738 1774 1782 sunt
1814 1726 2094 1788 carmina
2137 1724 2348 1805 dicta,

472 1843 685 1903 Omnis
724 1858 792 1901 ut
840 1816 1145 1899 historiae
1182 1858 1291 1923 per
1332 1836 1553 1899 ludum
1598 1860 1894 1904 consonet
1933 1842 2112 1909 ordo.

469 1962 785 2021 Notitiam
826 1956 1069 2019 ducunt
1108 1977 1322 2019 voces.
1376 1959 1554 2019 Licet
1596 1957 1853 2023 invidus
1894 1961 2092 2025 adsit.

471 2080 770 2165 Quisquis
808 2078 933 2138 erit
972 2074 1235 2160 culpare
1274 2078 1447 2137 iocos
1490 2078 1859 2164 Musamque
1904 2100 2200 2165 paratus,

470 2196 751 2260 Pondere
790 2194 892 2256 vel
935 2192 1162 2257 culicis
1204 2192 1419 2269 levior⁸
1448 2191 1744 2283 famaque
1787 2194 2066 2262 feretur.

472 2319 791 2379 Posterius
832 2317 1128 2405 graviore
1168 2334 1317 2375 sono
1360 2308 1481 2373 tibi
1528 2314 1712 2373 Musa
1751 2291 2058 2401 loquetur

470 2438 729 2511 Nostra,
771 2431 1018 2497 dabunt
1060 2453 1252 2519 quum
1277 2448 1551 2493 maturos
1580 2428 1731 2491 mihi
1773 2449 2054 2517 tempora
2074 2430 2350 2513 fructus,

468 2558 555 2618 Vt
595 2551 717 2618 tibi
759 2551 955 2643 digna
994 2569 1103 2615 tuo
1146 2550 1471 2638 poliantur
1510 2552 1785 2613 carmina
1825 2574 2039 2616 sensu.

565 2678 841 2736 Latonae
884 2674 1223 2760 magnique
1264 2671 1433 2732 Iovis
1474 2691 1704 2760 genus,
1747 2691 1934 2755 aurea
1978 2673 2214 2757 proles,

464 2791 762 2856 Phoebus
800 2794 925 2855 erit
968 2793 1162 2852 nostri
1204 2791 1497 2876 princeps
1536 2809 1599 2852 et
1643 2791 1938 2852 carminis
1977 2809 2230 2870 auctor,

469 2917 561 2977 Te
598 2915 922 2976 recinente
965 2909 1106 2998 lyra
1142 2905 1385 2972 fautor:
1432 2930 1540 2970 seu
1583 2908 1826 2970 detinet
1870 2908 2052 2972 illum

472 3031 653 3094 Vnda
690 3028 1061 3092 Chimaereo
1098 3024 1341 3091 Xanthi
1384 3023 1639 3113 perfusa
1676 3049 1932 3105 cruore,

469 3155 589 3212 Seu
634 3171 849 3212 nemus
894 3151 1210 3223 Asteriae,
1252 3169 1357 3210 seu
1398 3169 1525 3234 qua
1568 3151 1858 3210 Parnasia
1905 3171 2088 3234 rupes

468 3271 634 3330 Hinc
674 3287 869 3354 atque
911 3263 1059 3328 hinc
1106 3265 1325 3351 patula
1370 3265 1745 3352 praepandit
1787 3289 2024 3331 cornua
2066 3265 2307 3348 fronte,

470 3387 920 3474 Castaliaeque
960 3408 1185 3450 sonans
1224 3385 1473 3472 liquido
1516 3385 1671 3472 pede
1721 3385 1962 3449 labitur
2007 3385 2206 3452 unda.

469 3509 595 3568 Vos
638 3527 897 3593 quoque
943 3509 1135 3568 Pierii
1177 3505 1387 3570 laticis
1430 3505 1649 3584 decus,
1692 3509 1816 3580 ite,
1856 3527 2097 3568 sorores

465 3623 775 3700 Naiades,
815 3623 1142 3688 celebrare
1176 3623 1365 3690 deum
1408 3623 1751 3711 plaudente
1793 3621 2054 3686 chorea.

469 3747 551 3806 Et
592 3763 697 3820 tn,
739 3763 957 3806 sancta
1002 3742 1218 3821 Pales,
1258 3743 1338 3807 ad
1374 3765 1561 3830 quam
1602 3746 1822 3804 votiva
1869 3743 2140 3803 recurrit
2333 3721 2386 3764 s

470 3869 808 3953 Agrestum
854 3862 1015 3927 bona
1058 3862 1283 3939 turba,
1326 3862 1447 3926 tibi
1482 3867 1563 3926 sit
1607 3883 1761 3925 cura
1800 3861 2084 3923 canentis
2125 3867 2133 3874 '

473 3985 701 4045 Aerios
743 4005 1063 4047 nemorum
1105 4000 1381 4061 tractus,
1422 3980 1742 4068 silvasque
1784 3981 2096 4044 virentes:
