3400 5175
1370 587 1818 643 clnrs.
1976 566 2067 644 51
2421 572 2570 651 251

706 720 1031 783 Caeruleis
1066 740 1177 781 sua
1215 736 1389 781 tecta
1429 720 1998 805 supervolitaverit
2037 723 2186 787 alis:

710 844 884 901 Hanc
926 860 1043 923 pro
1084 858 1403 923 purpureo
1443 860 1702 923 poenam
1744 840 2052 904 scelerata
2088 841 2362 929 capillo,

707 962 953 1045 Proque
994 961 1199 1044 patris
1234 958 1485 1021 solvens
1526 960 1738 1023 excisa
1775 956 2066 1025 funditus
2101 961 2290 1025 urbe.

708 1078 1082 1164 Complures
1122 1078 1333 1155 illam,
1374 1096 1435 1140 et
1480 1080 1732 1166 magni,
1775 1079 2107 1157 Messalla,
2144 1100 2370 1167 poetae

659 1190 871 1282 (Nam
917 1218 1134 1258 verum
1176 1194 1529 1272 fateamu13
1569 1212 1736 1259 amat
1777 1196 2203 1287 Polyhymnia
2241 1192 2506 1285 vietum)

705 1320 917 1405 Longe
956 1316 1085 1377 alia
1124 1312 1463 1401 perhibent
1502 1330 1803 1378 mutatam
1849 1317 2120 1382 membra
2158 1316 2394 1411 figura,

700 1434 1061 1521 Scyllaeum
1103 1450 1167 1497 et
1210 1449 1485 1496 monstra
1518 1435 1585 1495 in
1622 1455 1842 1497 saxum
1883 1458 2186 1501 conversa
2225 1443 2476 1517 vocari;

703 1554 889 1617 Illam
932 1576 1100 1631 esse,
1138 1555 1451 1617 aerumnis
1492 1574 1677 1639 quam
1717 1575 1904 1639 saepe
1944 1554 2226 1646 legamus
2268 1559 2506 1647 Vlyxei

696 1672 985 1737 Candida
1024 1676 1413 1737 succinctam
1457 1671 1842 1736 latrantibus
1881 1676 2151 1765 inguina
2195 1683 2488 1742 monstris

699 1790 1030 1855 Dulichias
1070 1813 1331 1856 vexasse
1372 1812 1575 1867 rates,
1615 1809 1675 1854 et
1719 1794 1980 1882 gurgite
2019 1797 2084 1857 in
2127 1794 2260 1859 alto

696 1915 1043 1997 Deprensos
1084 1929 1311 1974 nautas
1347 1908 1615 1975 canibus
1658 1909 1960 1975 lacerasse
2005 1916 2292 1977 marinis.

698 2030 819 2095 Sed
850 2053 1054 2118 neque
1084 2033 1415 2093 Maeoniae
1442 2028 1601 2093 haec
1633 2032 1969 2115 patiuntur
1989 2030 2243 2095 credere
2272 2030 2568 2111 chartae,
2654 2108 2660 2137 Ι

696 2155 827 2215 Nec
870 2151 1071 2213 malus
1107 2167 1201 2212 est
1245 2147 1467 2213 horum
1509 2146 1722 2213 dubiis
1761 2150 2081 2215 erroribus
2121 2170 2376 2216 auctor.

696 2274 907 2359 Atque
948 2270 1110 2333 alias
1150 2268 1265 2332 alii
1308 2267 1503 2357 vulgo
1540 2266 1778 2331 finxere
1817 2268 2092 2354 puellas,

693 2394 867 2471 Quae
906 2385 1377 2474 Colophoniaco
1416 2385 1670 2474 Scyllae
1711 2386 2007 2453 dicantur
2044 2390 2346 2452 Homero.

694 2512 841 2598 Ipse
879 2508 1175 2570 Crataein
1215 2509 1309 2569 ait
1345 2524 1638 2582 matrerm
1680 2506 1790 2569 sed
1829 2509 1962 2570 sive
1999 2510 2320 2585 Crataeis,

690 2633 837 2692 Sive
878 2629 1051 2692 illam
1095 2645 1367 2690 monstro
1410 2628 1633 2715 genuit
1675 2627 1895 2686 Persea
1938 2621 2234 2702 biformi;

690 2752 839 2813 Sive
878 2766 973 2812 est
1018 2767 1239 2810 neutra
1281 2769 1545 2832 parens,
1587 2761 1780 2830 atque
1823 2739 1942 2804 hoc
1985 2743 2050 2804 in
2089 2744 2364 2806 carmine
2402 2759 2538 2806 toto

688 2869 979 2956 Inguinis
1019 2885 1113 2929 est
1151 2867 1419 2942 vitium,
1459 2883 1524 2927 et
1569 2865 1828 2927 Veneris
1867 2861 2190 2948 descripta
2227 2860 2475 2943 libid0;

691 2988 839 3048 Sive
880 2987 1067 3048 etiam
1110 3001 1201 3046 est
1240 2986 1427 3046 iactis
1469 2984 1741 3068 speciem
1785 2997 2024 3044 mutata
2062 2983 2354 3060 venenis,

692 3100 929 3167 Infelix
968 3105 1190 3192 virgo:
1231 3101 1392 3189 quid
1436 3105 1599 3165 enim
1634 3105 2010 3166 conmiserat
2049 3095 2210 3166 illa?

690 3223 833 3308 Ipse
875 3241 1059 3308 pater
1098 3220 1326 3284 nudam
1369 3221 1501 3285 sola
1538 3220 1908 3309 complexus
1945 3242 2136 3285 arena

688 3317 1069 3431 Coniugium
1106 3363 1291 3405 carae
1330 3341 1688 3406 violaverat
1731 3337 2188 3428 Amphitrites:

688 3465 865 3525 Haec
903 3479 1115 3524 tamen
1154 3464 1371 3551 exegit
1413 3464 1605 3554 longo
1640 3481 1782 3549 post
1825 3480 2104 3547 tempore
2145 3480 2408 3545 poenas,

686 3585 809 3656 Vt,
851 3603 1046 3668 quum
1085 3602 1241 3644 cura
1278 3584 1377 3645 sui
1420 3580 1763 3646 veheretur
1803 3580 2092 3666 coniugis
2127 3576 2292 3652 alto,

688 3701 835 3784 Ipsa
876 3716 1117 3762 trucem
1162 3699 1363 3762 multo
1404 3704 1693 3765 misceret
1735 3700 2043 3788 sanguine
2083 3713 2373 3780 pontum:

688 3821 810 3880 Seu
837 3838 1022 3893 vero,
1051 3834 1121 3879 ut
1156 3815 1529 3904 perhibent,
1558 3816 1760 3884 forma
1791 3839 1988 3907 quum
2011 3819 2294 3880 vinceret
2324 3833 2555 3887 omneS,

684 3937 771 3998 Et
811 3935 1079 4022 cupidos
1116 3954 1383 4025 quaestu
1424 3942 1649 4025 passim
1694 3937 2032 4025 popularet
2073 3951 2384 4011 amantes3
