3400 5175
786 680 1277 769 ‚armamus
1340 679 1517 731 mn.
1572 680 1697 732 xr.
1848 654 2034 775 495-
2141 680 2290 760 ¹77

429 818 559 877 Aut
598 811 895 877 adsuetus
935 834 1139 897 aquae
1180 807 1477 897 perfundi
1514 807 1770 873 flumine
1807 828 1957 873 noto

433 936 709 1005 Emicat,
754 929 1161 1015 adrectisque
1204 924 1411 992 fremit
1456 927 1814 992 cervicibus
1855 928 1986 990 alte

436 1052 823 1123 Luxurians3
864 1026 1228 1135 luduntque
1275 1046 1461 1111 iubae
1502 1070 1614 1135 per
1654 1048 1858 1125 colla,
1913 1070 2024 1135 per
2066 1072 2302 1113 armos.

433 1166 641 1232 Obvia
680 1170 819 1243 cui,
861 1166 1233 1229 Volscorum
1275 1156 1412 1229 acie
1450 1169 1824 1243 comitante,
1867 1168 2140 1229 Camilla

434 1288 763 1362 Occurrit,
806 1288 1133 1371 portisque
1170 1282 1249 1347 ab
1287 1306 1452 1369 equo
1493 1288 1714 1375 regina
1753 1284 1872 1348 snb
1911 1287 2068 1370 ipsis

435 1402 755 1479 Desiluit;
794 1425 979 1489 qnam
1022 1420 1162 1465 tota
1202 1401 1431 1465 cohors
1472 1405 1727 1465 imitata
1763 1403 2010 1467 relictis

438 1520 535 1584 Ad
574 1538 803 1585 terram
844 1518 1111 1585 defluxit
1150 1524 1366 1608 equis;
1410 1540 1543 1583 tum
1580 1520 1738 1583 talia
1774 1518 1976 1585 fatur:

326 1716 333 1721 ·
439 1642 681 1715 Turne,
724 1641 825 1701 sui
866 1641 1091 1701 merito
1127 1640 1179 1702 si
1222 1662 1349 1725 qua
1384 1658 1478 1701 est
1520 1636 1754 1703 fiducia
1791 1635 1988 1717 forti,

439 1754 691 1834 Audeo,
735 1776 797 1819 et
843 1752 1201 1820 Aeneadum
1244 1761 1551 1843 promitto
1586 1776 1920 1820 occurrere
1959 1774 2235 1834 turmae,

436 1876 713 1963 Solaque
754 1872 1123 1962 Tyrrhenos
1157 1878 1413 1962 equites
1456 1879 1547 1938 ire
1590 1873 1784 1939 obvia
1822 1894 2076 1939 contra.

436 1996 547 2057 ‘Me
582 1996 718 2056 sine
760 1996 962 2079 prima
1001 2016 1185 2056 manu
1232 2012 1478 2058 tentare
1516 1994 1804 2081 pericula
1845 1994 2032 2059 belli:

442 2115 541 2175 Tu
578 2110 771 2199 pedes
811 2112 889 2177 ad
936 2134 1143 2175 muros
1178 2111 1487 2190 subsiste,
1522 2131 1585 2175 et
1626 2115 1868 2177 moenia
1905 2135 2086 2177 serva
2111 2159 2128 2174 .

445 2232 695 2293 Turnus
737 2230 815 2295 ad
858 2228 1050 2308 haec,
1089 2230 1313 2295 oculos
1356 2228 1670 2295 horrenda
1711 2235 1776 2295 in
1813 2235 2064 2322 virgine
2101 2229 2295 2295 fixus:

446 2349 497 2409 Ο
534 2347 725 2412 decus
765 2346 1025 2425 Italiae,
1066 2351 1295 2440 virgo,
1336 2371 1499 2435 quas
1537 2349 1754 2413 dicere
1797 2370 2040 2439 grates,

443 2468 689 2545 Quasve
730 2462 962 2533 referre
1000 2460 1259 2553 parem?
1301 2468 1409 2531 sed
1453 2490 1653 2546 nunc,
1692 2486 1787 2531 est
1827 2472 2033 2532 omnia
2071 2468 2328 2557 quando

445 2589 573 2648 Iste
614 2589 855 2649 animus
889 2556 1113 2674 supra,
1150 2609 1388 2651 mecum
1424 2590 1663 2674 partire
1711 2584 2022 2652 laborem.

446 2706 720 2781 Aeneas,
762 2722 833 2765 ut
872 2700 1035 2768 fama
1076 2701 1257 2770 fidem
1297 2709 1603 2794 missique
1642 2723 1972 2792 reportant

452 2821 938 2907 Exploratores,
980 2827 1271 2910 equitum
1313 2825 1487 2888 levia
1528 2823 1850 2911 improbus
1890 2844 2058 2888 arma

452 2942 823 3018 Praemisit,
860 2959 1192 3028 quaterent
1235 2964 1525 3031 campos:
1568 2945 1701 3030 ipse
1741 2940 1938 3006 ardua
1980 2942 2210 3003 montis

452 3061 570 3123 Per
610 3059 863 3125 deserta
902 3063 1053 3152 iugo
1096 3083 1398 3150 superans
1437 3061 1744 3127 adventat
1784 3059 1862 3124 ad
1903 3058 2152 3124 urbem.

448 3181 649 3242 Furta
690 3201 843 3266 paro
884 3179 1041 3245 belli
1080 3201 1367 3244 convexo
1408 3183 1478 3244 in
1520 3182 1778 3243 tramite
1817 3177 2058 3256 silvae,

451 3300 537 3360 Vt
580 3295 789 3362 bivias
830 3318 1071 3362 armato
1108 3298 1389 3365 obsidam
1432 3299 1641 3363 milite
1684 3295 1940 3361 fauces.

450 3417 551 3478 Tu
593 3413 997 3503 Tyrrhenum
1033 3420 1313 3506 equitem
1358 3417 1612 3482 collatis
1652 3418 1880 3503 excipe
1919 3416 2156 3506 signis;

454 3535 693 3597 Tecum
734 3556 878 3599 acer
919 3539 1247 3622 Messapus
1288 3537 1446 3612 erit,
1488 3553 1866 3622 turmaeque
1910 3537 2208 3610 Latinae,

452 3648 863 3739 Tiburnique
906 3676 1159 3718 manus:
1201 3653 1387 3718 ducis
1423 3672 1485 3718 et
1529 3673 1598 3718 tu
1638 3623 1904 3738 concipe
1945 3673 2198 3716 curam.

440 3771 561 3834 Sic
601 3773 689 3833 ait
716 3817 735 3848 ,
777 3790 841 3834 et
888 3773 1149 3858 paribus
1188 3777 1547 3861 Messapum
1589 3776 1653 3836 in
1694 3769 1934 3858 proelia
1970 3768 2164 3833 dictis

454 3889 806 3964 Hortatur,
848 3892 1183 3977 sociosque
1222 3889 1461 3972 duces3
1504 3911 1569 3955 et
1604 3892 1814 3980 pergit
1856 3891 1922 3950 in
1959 3884 2240 3948 hostem.

457 4003 567 4068 Est
608 4028 803 4070 curvo
842 4003 1129 4073 anfractu
1169 4009 1391 4091 vallis,
1426 4006 1832 4075 accommoda
1871 4001 2137 4080 fraudi,

2012 4107 2074 4140 82
