3400 5175
884 616 1339 674 AENEIDOS
1386 619 1559 674 ΜΒ.
1612 622 1697 674 x.
1885 598 2038 702 ¹59
2209 602 2350 679 131

478 754 591 819 mc
628 775 889 845 magnus
927 752 1103 819 sedet
1148 756 1419 831 Aeneas,
1460 776 1806 844 secumque
1845 758 2094 823 volutat

484 877 754 941 Eventus
792 872 953 937 belli
992 876 1231 937 varios:
1268 854 1609 962 ’Pallasque
1648 880 1906 943 sinistro

487 992 739 1065 Adfixus
780 994 972 1057 lateri
1010 996 1129 1057 iam
1175 996 1423 1081 quaerit
1465 994 1713 1073 sidera,
1747 1020 1990 1084 opacae

490 1117 704 1180 Noctis
745 1117 907 1191 iter,
947 1115 1065 1177 iam
1106 1136 1277 1201 quae
1317 1136 1533 1199 passus
1575 1132 1874 1205 terraque
1915 1122 2232 1209 marique.

578 1232 841 1297 Pandite
886 1255 1050 1297 nunc
1094 1233 1434 1310 Helicona,
1478 1232 1669 1313 deae,
1697 1254 2060 1326 cantusque
2089 1260 2370 1319 movete3

494 1358 655 1434 Quae
696 1376 911 1417 manus
948 1358 1187 1417 interea
1226 1357 1451 1417 Tuscis
1488 1358 1835 1419 comitetur
1875 1358 1958 1423 ab
1989 1364 2118 1423 oris

498 1476 771 1549 Aenean,
806 1492 1135 1561 armetque
1174 1493 1381 1552 rates,
1418 1474 1778 1565 pelagoque
1817 1476 2122 1543 vehatur.

586 1596 899 1661 Massicus
936 1610 1149 1658 aerata
1188 1600 1484 1683 princeps
1521 1613 1691 1659 secat
1732 1618 2006 1685 aequora
2044 1601 2257 1689 Tigri:

504 1711 621 1777 Sub
656 1734 789 1801 quo
826 1713 1003 1781 mille
1042 1737 1253 1777 manus
1291 1718 1628 1791 iuvenum,
1665 1720 1777 1803 qui
1819 1719 2066 1780 moenia
2105 1718 2316 1795 Clusi,

507 1833 751 1921 Quique
781 1831 999 1897 urbem
1040 1832 1293 1921 liquere
1330 1838 1553 1899 Cosam
1598 1838 1748 1925 quis
1787 1836 1950 1915 tela,
1987 1841 2298 1929 sagittae,

508 1952 855 2042 corytique
892 1952 1067 2017 leves
1107 1952 1420 2037 humeris,
1462 1975 1529 2022 et
1570 1954 1790 2020 letifer
1831 1980 2050 2020 arcus.

510 2074 632 2135 Vna
670 2090 893 2137 torvus
932 2072 1159 2141 Albas:
1200 2072 1353 2139 huic
1398 2093 1601 2140 totum
1648 2077 2010 2168 insignibus
2057 2081 2244 2143 armis

513 2198 777 2283 Agmen,
816 2214 883 2258 et
922 2216 1148 2260 aurato
1190 2194 1480 2286 fulgebat
1520 2198 1822 2284 Apolline
1859 2200 2122 2285 puppis.

514 2314 845 2377 sexcentos
888 2315 987 2378 illi
1030 2314 1287 2381 dederat
1330 2316 1682 2403 Populonia
1723 2336 1923 2381 mater

517 2435 823 2521 Expertes
863 2434 1020 2500 belli
1057 2438 1351 2504 iuvenes:
1396 2452 1493 2499 ast
1528 2436 1668 2501 Ilva
1711 2452 2063 2513 trecentos,

516 2553 721 2618 Insula
752 2551 1157 2620 inexhaustis
1193 2554 1557 2648 Chalybum
1599 2578 1902 2647 generosa
1941 2555 2250 2620 metallis.

518 2676 801 2754 Tertius,
842 2675 959 2740 ille
997 2675 1319 2747 hominum
1358 2671 1708 2763 divumque
1751 2678 2062 2761 interpres
2105 2673 2362 2763 Asylas,

524 2795 637 2856 Cui
674 2791 989 2880 pecudum
1026 2793 1249 2874 fibrae,
1289 2795 1453 2861 caeli
1494 2797 1601 2857 cui
1644 2793 1849 2856 sidera
1890 2810 2147 2882 parent,

527 2915 602 2974 Et
638 2913 903 3005 linguae
943 2915 1307 2994 volucrum,
1343 2933 1405 2979 et
1451 2916 1742 3006 praesagi
1784 2910 2068 2977 fulminis
2107 2916 2319 3004 ignes,

528 3033 705 3096 Mille
744 3037 913 3120 rapit
954 3033 1177 3100 densos
1218 3037 1359 3098 acie
1400 3050 1601 3122 atque
1642 3029 2052 3098 horrentibus
2089 3031 2321 3096 hastis.

528 3155 651 3216 Hos
693 3175 913 3240 parere
955 3153 1179 3218 iubent
1216 3151 1505 3240 Alpheae
1544 3153 1625 3218 ab
1665 3155 1918 3244 origine
1959 3155 2176 3231 Pisae,

533 3271 691 3337 Vrbs
732 3277 1003 3336 Etrusca
1042 3273 1208 3337 solo.
1252 3277 1563 3363 Sequitur
1600 3273 2074 3362 pulcherrimus
2115 3277 2342 3353 Astur,

536 3395 724 3456 Astur
763 3415 929 3483 equo
967 3391 1162 3460 fidens
1201 3413 1265 3458 et
1308 3395 1808 3460 versicoloribus
1847 3397 2068 3459 armis.

538 3513 913 3578 Tercentum
958 3512 1313 3592 adiiciunt,
1355 3537 1527 3578 mens
1562 3515 1854 3580 omnibus
1895 3537 2022 3578 una
2063 3513 2398 3601 sequendi,

542 3636 659 3712 Qui
700 3637 967 3700 Caerete
1008 3633 1229 3722 domo,
1267 3639 1382 3724 qui
1422 3655 1565 3701 sunt
1608 3639 1916 3700 Minionis
1955 3637 2020 3697 in
2049 3637 2266 3710 -arvis,

538 3752 619 3815 'Et
664 3756 865 3845 Pyrgi
904 3771 1181 3832 veteres,
1222 3759 1766 3844 intempestaeque
1806 3755 2181 3817 Graviscae.

635 3875 776 3936 Non
818 3897 937 3964 ego
978 3893 1077 3954 te,
1118 3877 1423 3966 Ligurum
1466 3875 1693 3940 ductor
1731 3871 2070 3938 fortissime
2107 3869 2308 3947 bello,

546 3991 963 4072 Transierim,
1003 3998 1278 4085 Cinyra,
1318 4013 1382 4060 et
1422 3997 1643 4084 paucis
1683 3994 1987 4059 comitate
2025 3993 2330 4078 Cupavo,
