3400 5175
1016 610 1122 720 46
1669 635 1742 688 ι’.
1817 632 2335 689 vrnornrr
2612 611 2770 715 243

1113 776 1240 837 Dat
1286 769 1408 835 tibi
1451 786 1791 857 praeterea
1832 764 2132 831 fortunae
2174 789 2371 855 parva
2414 768 2646 853 prioris

1113 896 1385 955 Munera
1421 888 1763 976 relliquias
1798 890 1993 952 Troia
2028 910 2108 951 ex
2148 888 2405 951 ardente
2447 908 2775 977 receptas.

1113 1016 1252 1076 Hoc
1293 1027 1477 1099 pater
1521 1006 1831 1073 Anchises
1872 1028 2029 1071 auro
2071 1006 2317 1071 libabat
2356 1008 2433 1072 ad
2480 1032 2652 1089 aras;

1113 1138 1252 1197 Hoc
1290 1133 1522 1196 Priami
1559 1149 1888 1221 gestamen
1928 1146 2096 1205 erat,
2134 1151 2333 1215 quum
2374 1132 2519 1193 iura
2558 1134 2808 1195 vocatis

1113 1256 1293 1317 More
1330 1250 1508 1317 daret
1549 1248 1847 1337 populis3
1886 1266 2370 1337 sceptrumque,
2413 1271 2722 1339 sacerque
2764 1255 3005 1331 tiaras,

1118 1370 1533 1459 Iliadumque
1573 1370 1755 1435 labor
1797 1388 2039 1433 vestes.

1216 1489 1484 1553 Talibus
1524 1489 1764 1553 Ilionei
1803 1488 1997 1555 dictis
2038 1487 2242 1555 defixa
2284 1494 2559 1553 Latinus

1119 1610 1370 1677 Obtutu
1413 1627 1588 1674 tenet
1628 1632 1773 1687 ora,
1813 1608 2074 1697 soloque
2116 1607 2459 1672 immobilis
2498 1606 2751 1685 haeret,

1117 1735 1410 1795 Intentos
1450 1728 1715 1795 volvens
1752 1729 2004 1793 oculos.
2048 1732 2179 1793 Nec
2220 1751 2500 1815 purpura
2543 1750 2753 1819 regem

1122 1854 1308 1914 Picta
1347 1868 1590 1927 movet,
1631 1872 1747 1913 nec
1787 1866 2039 1937 sceptra
2082 1866 2335 1911 movent
2379 1850 2693 1912 Priameia
2734 1865 3027 1923 tantum,

1119 1974 1440 2051 Quantum
1483 1972 1549 2033 in
1589 1969 1911 2035 connubio
1954 1988 2142 2033 natae
2184 1966 2599 2057 thalamoque
2642 1989 2965 2047 moratur;

1121 2092 1206 2153 Et
1247 2092 1480 2153 veteris
1519 2093 1727 2154 Fauni
1763 2090 1971 2156 volvit
2012 2088 2132 2155 sub
2174 2107 2435 2176 pectore
2474 2106 2745 2153 sortem.

1125 2212 1312 2271 Hunc
1353 2207 1537 2271 illum
1578 2205 1733 2271 fatis
1774 2228 2039 2273 externa
2074 2210 2159 2275 ab
2196 2210 2341 2275 sede
2381 2206 2743 2298 profectum

1123 2326 1425 2391 Portendi
1463 2350 1803 2418 generum,
1848 2329 2236 2418 paribusque
2278 2332 2344 2394 in
2386 2353 2582 2421 regna
2622 2330 2839 2394 vocari

1123 2448 1490 2533 Auspiciis;
1533 2446 1686 2513 huic
1730 2452 2095 2541 progeniem
2136 2452 2380 2515 virtute
2416 2447 2698 2515 futuram

1121 2570 1498 2660 Egregiam,
1543 2546 1749 2634 tetur—n
1789 2593 1959 2659 quae
2000 2570 2248 2636 viribus
2287 2587 2563 2658 occupet
2598 2568 2850 2636 orbem.

1121 2688 1402 2754 Tandem
1447 2691 1656 2755 laetus
1698 2695 1825 2755 ait:
1867 2691 1951 2758 Di
1994 2709 2208 2755 nostra
2248 2695 2507 2778 incepta
2544 2690 2932 2770 secundent,

1124 2813 1610 2901 Auguriumque
1651 2835 1869 2875 suum.
1915 2811 2225 2890 Dabitur,
2257 2811 2571 2892 Troiane,
2601 2811 2775 2901 quod
2812 2829 3031 2902 optas,

1126 2931 1399 2996 Munera
1442 2955 1554 2995 nee
1593 2954 1855 3020 sperno.
1897 2935 2040 2997 Non
2082 2932 2305 3012 vobis,
2346 2957 2498 3026 rege
2540 2939 2807 3013 Latino,

1125 3052 1370 3114 Divitis
1416 3050 1576 3116 uber
1617 3055 1759 3143 agri
1803 3057 2115 3118 Troiaeve
2150 3055 2487 3141 opulentia
2524 3055 2771 3120 deerit.

1130 3172 1277 3258 Ipse
1317 3171 1502 3234 modo
1547 3175 1825 3251 Aeneas,
1867 3179 2069 3239 nostri
2114 3178 2168 3240 si
2208 3193 2390 3239 tanta
2426 3175 2665 3262 cupido
2704 3193 2836 3253 est,

1133 3293 1201 3352 Si
1241 3292 1426 3381 iungi
1469 3289 1755 3380 hospitio
1792 3314 2129 3383 properat,
2165 3300 2506 3385 sociusque
2548 3299 2796 3373 vocari,

1131 3410 1486 3491 Adveniat3
1520 3414 1741 3477 vultus
1778 3438 1935 3481 neve
1976 3415 2383 3481 exhorrescat
2428 3420 2689 3480 amicos.

1131 3535 1282 3594 Pars
1321 3530 1480 3596 mihi
1523 3537 1701 3620 pacis
1741 3540 1868 3599 erit
1906 3535 2199 3600 dextram
2241 3541 2533 3628 tetigisse
2578 3538 2879 3624 tyranni.

1129 3655 1260 3714 Vos
1299 3673 1522 3717 contra
1562 3657 1700 3745 regi
1742 3679 1881 3718 mea
1924 3679 2090 3720 nunc
2136 3657 2433 3722 mandata
2473 3652 2706 3720 referte
2733 3699 2749 3715 .

1130 3775 1244 3836 Est
1287 3771 1444 3837 mihi
1487 3792 1670 3853 nata,
1714 3779 1856 3840 viro
1899 3781 2111 3866 gentis
2154 3800 2342 3866 quam
2386 3780 2651 3868 iungere
2692 3793 2975 3850 nostrae,

1131 3894 1275 3955 Non
1314 3898 1526 3978 patrio
1565 3917 1644 3958 ex
1691 3895 1896 3985 adyto
1934 3914 2165 3973 sortes,
2208 3921 2329 3962 non
2375 3897 2647 3983 plurima
2686 3893 2869 3959 caelo

1131 4017 1425 4080 Monstra
1467 4019 1687 4080 sinunt
1712 4039 1726 4081 ε
1753 3986 2034 4110 Ιςιειιιειόε
2079 4019 2361 4080 externis
2402 4013 2622 4081 adfore
2663 4015 2745 4082 ab
2781 4019 2939 4079 oris.
