3400 5175
1054 693 1103 745 c
1152 693 1207 747 v
1258 694 1303 743 L
1354 696 1403 745 Ε
1458 696 1562 747 x.
1753 669 1912 774 275
2171 692 2316 776 241

452 824 703 899 Obsita,
747 845 859 887 nec
905 819 1127 885 faciles
1169 825 1435 887 Dictaeo
1477 826 1688 891 iudice
1727 828 1935 908 sedes,

452 943 707 1019 Iudice,
748 944 863 1029 qui
906 944 1077 1005 vitae
1118 959 1555 1039 post-mortem
1599 945 1884 1011 vindicat
1925 966 2102 1013 acta.

455 1062 575 1126 Sed
616 1060 869 1125 fortuna
910 1056 1127 1125 favens
1166 1060 1463 1125 audacem
1504 1059 1742 1129 fecerat
1785 1065 2072 1153 Orphea.

456 1185 585 1244 Iam
628 1179 833 1266 rapidi
874 1198 1179 1243 steterant
1220 1202 1461 1256 amnes,
1499 1200 1561 1243 et
1604 1185 1799 1269 spissa
1840 1152 2113 1249 ferarum

458 1298 695 1363 Blanda
738 1320 891 1362 voce
930 1319 1167 1385 sequax
1210 1298 1527 1363 insederat
1568 1323 1717 1365 arva
1755 1324 2018 1381 corona;

463 1422 722 1506 Iamque
763 1420 946 1481 imam
989 1418 1181 1481 viridi
1224 1417 1496 1482 radicem
1542 1440 1856 1483 emoverat
1897 1422 2030 1485 alta

460 1542 738 1618 Quercus
770 1534 993 1615 humo,
1022 1542 1443 1625 sequiturque
1468 1560 1700 1601 comes:
1729 1540 2057 1628 silvaeque
2084 1564 2336 1607 sonoros

466 1661 702 1743 Sponte
740 1678 851 1718 sua
888 1670 1112 1719 cautus
1154 1654 1485 1741 rapiebant
1524 1659 1766 1721 cortice
1802 1680 2044 1721 amara.

470 1776 781 1840 Labeates
824 1774 1075 1864 biiuges
1112 1778 1301 1837 etiam
1342 1796 1455 1861 per
1492 1774 1699 1838 sidera
1739 1780 1914 1839 Luna

471 1897 697 1957 Pressit
740 1914 975 1981 equos;
1018 1911 1081 1957 et
1126 1913 1195 1957 tu
1237 1913 1595 1970 currentes,
1638 1912 1953 1958 menstrua
1999 1897 2216 1986 virgo,

470 2012 793 2078 Auditura
832 2011 1033 2102 lyram
1080 2014 1339 2076 tenuisti
1382 2030 1565 2077 nocte
1600 2012 1872 2077 relecta.

474 2134 646 2194 Ilaec
683 2129 895 2194 eadem
940 2134 1189 2217 potuit,
1231 2134 1437 2209 Ditis,
1480 2150 1544 2195 te
1584 2135 1873 2210 vincere,
1913 2134 2184 2209 coniux,

476 2247 973 2337 Eurydicenque
1014 2252 1153 2311 viro
1188 2248 1537 2313 ducendam
1578 2250 1870 2315 reddere:
1910 2274 2031 2315 uon
2067 2248 2197 2329 faa,

478 2372 620 2432 Non
660 2386 827 2445 erat,
868 2369 1162 2431 invitam:
1206 2367 1389 2432 divae
1430 2367 1760 2433 exorabile
1797 2392 2058 2433 numen.

476 2486 601 2550 Illa
640 2486 899 2578 quidem
942 2488 1201 2551 nimium
1244 2491 1464 2551 Manes
1502 2508 1766 2576 experta
1808 2510 2056 2553 severos

480 2611 893 2694 Praeceptum
934 2605 1227 2697 signabat
1272 2610 1435 2670 iter=
1482 2628 1594 2670 nec
1640 2607 1894 2670 rettulit
1937 2610 2108 2670 intus

484 2731 785 2804 Lumina,
823 2749 937 2791 nec
975 2726 1159 2791 divae
1200 2728 1489 2814 corrupit
1530 2745 1786 2788 munera
1824 2722 2085 2812 lingua.

484 2845 605 2910 Sed
649 2864 715 2908 tu
758 2844 1069 2923 crudelis,
1108 2844 1387 2909 crudelis
1430 2862 1499 2906 tu
1542 2845 1777 2934 magis,
1819 2838 2109 2929 Orpheu,

489 2962 719 3027 Oscula
756 2985 903 3028 cara
950 2983 1167 3050 petens
1208 2965 1440 3051 rupisti
1481 2965 1651 3024 iussa
1690 2961 1981 3025 deorum.

492 3085 739 3172 Dignus
781 3104 955 3146 amor
995 3087 1223 3160 venia,
1266 3105 1523 3168 parvum
1563 3084 1617 3145 si
1658 3083 1928 3144 Tartara
1969 3095 2216 3143 nossent

489 3205 821 3266 Peccatum
864 3205 1211 3292 ignovisse.
1262 3200 1383 3266 Sed
1423 3218 1489 3264 et
1530 3222 1641 3264 vos
1674 3199 1818 3266 sede
1859 3202 2138 3287 piorum,

494 3325 624 3385 Vos
662 3340 900 3399 manet,
940 3317 1191 3397 heroes,
1230 3337 1451 3384 contra
1492 3341 1737 3382 nemus.
1790 3320 1912 3382 Hic
1953 3335 2016 3381 et
2055 3337 2324 3405 uterque

495 3440 837 3518 Aeacides,
876 3441 1099 3504 Peleus
1140 3461 1265 3504 una
1306 3455 1369 3501 et
1413 3437 1780 3502 Telamonia
1816 3437 2050 3512 virtus,

496 3557 615 3620 Per
655 3560 853 3643 patris
890 3579 1108 3621 secura
1148 3557 1441 3622 locantur
1480 3558 1770 3620 numina:
1805 3576 2074 3642 quorum

500 3674 850 3741 Connubiis
886 3697 1085 3766 genus
1123 3694 1183 3739 et
1224 3679 1429 3740 virtus
1472 3675 1755 3738 iniunxit
1796 3669 2125 3736 honorem.

502 3797 685 3857 Hunc
726 3796 898 3880 cepit
939 3813 1158 3872 σει-νας
1199 3813 1293 3858 ast
1337 3793 1515 3858 illum
1556 3795 1783 3856 Nereis
1823 3791 2095 3854 amavit.

508 3911 773 3976 Adsidet
815 3909 913 3976 his
952 3915 1235 3992 iuvenis,
1270 3917 1472 3979 sociat
1508 3933 1693 4000 quem
1736 3909 1972 4000 gloria,
2009 3903 2228 3987 fortis,

500 4036 695 4110 Acer,
736 4035 1143 4114 inexcussus,
1176 4030 1451 4099 referens
1484 4053 1519 4094 a
1559 4027 1828 4096 navibus
1867 4030 2046 4118 ignes
2096 4115 2128 4162 6

2065 4131 2086 4164 1
