3400 5175
937 541 1058 631 '88
1580 572 1654 628 1³.
1742 566 2307 625 v1n01L11
2542 545 2699 645 579

1047 712 1272 785 Nunc,
1309 728 1348 769 o
1389 727 1584 783 nunc,
1624 705 1823 769 liceat
1864 698 2187 764 crudelem
2229 697 2599 785 abrumpere
2642 701 2875 777 vitam,

1045 833 1208 893 Dum
1249 847 1439 889 curae
1483 822 1850 913 ambiguae,
1887 820 2033 885 dum
2074 841 2214 906 spes
2252 822 2501 887 incerta
2544 818 2791 899 futuri,

1052 952 1218 1011 Dum
1261 965 1360 1023 te,
1402 966 1546 1007 care
1587 964 1777 1029 puer,
1818 958 1951 1001 mea
1988 960 2122 1001 sera
2162 955 2227 1001 et
2269 940 2405 1003 nola
2444 940 2775 1027 voluptas,

1051 1064 1402 1151 complexu
1446 1082 1662 1125 teneo:
1706 1062 1963 1151 gravior
2002 1079 2079 1119 ne
2122 1060 2383 1121 nuntius
2420 1081 2597 1121 aures

1048 1184 1391 1247 Volneret.
1435 1184 1610 1244 Haec
1653 1181 1909 1269 genitor
1948 1176 2240 1266 digressu
2282 1176 2459 1241 dicta
2502 1201 2793 1264 supremo

1051 1298 1418 1365 Fundebat:
1460 1295 1683 1363 famuli
1724 1295 2071 1383 collapsum
2108 1299 2175 1361 in
2216 1313 2386 1360 tecta
2426 1294 2745 1363 ferebant.

1151 1424 1416 1507 Iamque
1459 1416 1618 1481 adeo
1657 1420 1899 1479 exierat
1942 1422 2143 1503 portia
2182 1420 2519 1504 equitatus
2556 1422 2826 1506 apertis:

1055 1542 1296 1603 Aeneas
1337 1543 1504 1600 inter
1544 1540 1779 1624 primos
1818 1555 1881 1605 et
1922 1534 2078 1629 fidus
2120 1534 2427 1616 Achates;

1055 1657 1216 1722 Inde
1254 1658 1370 1719 alii
1413 1659 1642 1720 Troiae
1685 1675 2009 1742 proceres;
2052 1660 2185 1743 ipse
2228 1660 2479 1747 agmine
2522 1658 2729 1721 Pallae

1053 1780 1134 1839 In
1175 1775 1410 1854 medio,
1450 1774 1791 1863 chlamyde
1831 1791 1895 1837 et
1942 1777 2135 1859 pictis
2170 1796 2540 1863 conspectus
2579 1780 2645 1841 in
2696 1781 2916 1841 armis:

1057 1896 1316 1976 Qualis,
1359 1892 1470 1957 ubi
1513 1897 1751 1957 Oceani
1794 1892 2084 1978 perfusus
2122 1893 2377 1960 Lucifer
2420 1896 2622 1975 unda,

1065 2020 1268 2096 Quem
1300 2018 1511 2076 Venus
1547 2032 1693 2076 ante
1736 2013 1895 2077 alios
1930 2032 2237 2077 astrorum
2274 2011 2495 2103 diligit
2535 2018 2745 2105 ignee,

1065 2133 1324 2197 Extulit
1367 2155 1436 2196 oa
1474 2156 1720 2197 sacrum
1762 2134 1967 2211 caelo,
2014 2132 2436 2221 tenebrasque
2472 2136 2771 2199 resolvit.

1064 2258 1248 2319 Stant
1287 2252 1560 2341 pavidae
1603 2257 1664 2316 in
1712 2257 1905 2317 muris
1946 2269 2207 2329 matres,
2234 2251 2566 2340 oculisque
2594 2273 2949 2340 sequuntur

1064 2372 1431 2435 Pulveream
1475 2371 1743 2449 nubem,
1784 2391 1849 2435 et
1886 2370 2210 2460 fulgentes
2252 2394 2395 2437 aere
2436 2392 2753 2437 catervas.

1069 2489 1200 2556 Olli
1245 2514 1357 2579 per
1398 2492 1655 2569 dumos,
1697 2516 1831 2581 qua
1872 2495 2161 2579 proxima
2202 2510 2369 2555 meta
2408 2493 2691 2570 viarum,
2739 2542 2747 2552 .

1067 2615 1312 2674 ¹Armati
1353 2611 1650 2676 tendunt.
1694 2614 1754 2674 It
1797 2611 2060 2688 clamor,
2104 2629 2165 2674 et
2208 2616 2453 2703 agmine
2474 2609 2669 2683 ,facto

1071 2731 1608 2820 Quadrupedante
1629 2747 1873 2818 putrem
1898 2735 2109 2795 sonitu
2134 2735 2350 2821 quatit
2374 2733 2613 2821 ungula
2628 2754 2953 2818 campum.

1067 2853 1179 2913 Est
1223 2854 1447 2942 ingens
1488 2850 1771 2942 gelidum
1818 2852 1999 2916 lucus
2040 2874 2237 2938 prope
2278 2854 2551 2915 Caeritis
2586 2873 2865 2928 amnem,

1071 2970 1439 3060 Belligione
1483 2991 1737 3057 patrum
1778 2970 1907 3033 late
1945 2991 2156 3046 sacer3
2200 2970 2487 3059 undique
2527 2971 2721 3035 colles

1068 3086 1397 3151 Inclusere
1436 3091 1616 3165 cavi,
1655 3105 1718 3150 et
1764 3093 1949 3178 nigra
1990 3111 2203 3152 nemus
2242 3090 2453 3152 abiete
2492 3093 2791 3180 cingunt.

1071 3205 1333 3268 Silvano
1374 3204 1540 3269 fama
1576 3224 1668 3268 eat
1710 3226 1954 3272 veteres
1994 3231 2269 3273 sacrasse
2312 3209 2639 3299 Pelasgos,

1069 3327 1382 3387 Arvorum
1423 3329 1827 3414 pecorisque,
1868 3327 2021 3405 dee,
2054 3329 2399 3416 lucumque
2437 3326 2758 3415 diemque,

1073 3445 1194 3523 Qui
1235 3449 1424 3530 primi
1465 3443 1616 3509 fines
1659 3447 2003 3534 aliquando
2042 3446 2321 3512 habuere
2362 3451 2649 3510 Latinos.

1069 3563 1260 3628 Haud
1298 3565 1522 3651 procul
1567 3563 1715 3630 hinc
1749 3565 1998 3632 Tarcho
2036 3585 2103 3630 et
2142 3564 2457 3656 Tyrrheni
2486 3583 2628 3628 tuta
2654 3563 2957 3629 tenebant

990 3689 1002 3704 '
1073 3689 1298 3749 Castra
1343 3684 1528 3763 locis,
1567 3687 1865 3776 celsoque
1900 3690 2101 3750 omnis
2140 3685 2219 3752 de
2256 3687 2423 3750 colle
2460 3685 2665 3750 videri

1071 3807 1203 3866 Iam
1243 3824 1489 3892 poterat
1533 3804 1745 3896 legi0‚
1789 3823 1851 3869 et
1891 3807 2044 3870 latis
2083 3805 2393 3871 tendebat
2428 3808 2492 3868 in
2534 3806 2738 3868 arvis.

1072 3929 1210 3990 Huc
1253 3946 1434 4014 pater
1477 3931 1753 4005 Aeneae,
1794 3943 1855 3990 et
1902 3925 2071 3991 bello
2112 3926 2285 3991 lecta
2328 3929 2664 4020 iuventus,
