<?xml version="1.0" encoding="UTF-8"?>
<!DOCTYPE html PUBLIC "-//W3C//DTD XHTML 1.0 Transitional//EN"
    "http://www.w3.org/TR/xhtml1/DTD/xhtml1-transitional.dtd">
<html xmlns="http://www.w3.org/1999/xhtml" xml:lang="en" lang="en">
 <head>
  <title>
</title>
<meta http-equiv="Content-Type" content="text/html;charset=utf-8" />
  <meta name='ocr-system' content='tesseract 3.04.00' />
  <meta name='ocr-capabilities' content='ocr_page ocr_carea ocr_par ocr_line ocrx_word'/>
</head>
<body>
  <div class='ocr_page' id='page_1' title='image "./pvirgiliimaroni04unkngoog/pvirgiliimaroni04unkngoog_0129.png"; bbox 0 0 3400 5175; ppageno 0'>
   <div class='ocr_carea' id='block_1_1' title="bbox 950 589 2383 693">
    <p class='ocr_par' dir='ltr' id='par_1_1' title="bbox 950 589 2383 693">
     <span class='ocr_line' id='line_1_1' title="bbox 950 589 2383 693; baseline 0.001 -23"><span class='ocrx_word' id='word_1_1' title='bbox 950 611 1411 670; x_wconf 64' lang='lat' dir='ltr'>aurumne</span> <span class='ocrx_word' id='word_1_2' title='bbox 1474 612 1647 665; x_wconf 77' lang='lat' dir='ltr'>mn.</span> <span class='ocrx_word' id='word_1_3' title='bbox 1707 610 1834 665; x_wconf 83' lang='lat' dir='ltr'>rx.</span> <span class='ocrx_word' id='word_1_4' title='bbox 1953 589 2110 693; x_wconf 83' lang='lat'>775</span> <span class='ocrx_word' id='word_1_5' title='bbox 2234 592 2383 673; x_wconf 82' lang='lat'>123</span> 
     </span>
    </p>
   </div>
   <div class='ocr_carea' id='block_1_2' title="bbox 490 740 2390 4053">
    <p class='ocr_par' dir='ltr' id='par_1_2' title="bbox 490 740 2377 1431">
     <span class='ocr_line' id='line_1_2' title="bbox 496 740 2276 837; baseline -0.002 -22"><span class='ocrx_word' id='word_1_6' title='bbox 496 748 913 837; x_wconf 78' lang='lat' dir='ltr'>Palanteaque</span> <span class='ocrx_word' id='word_1_7' title='bbox 950 744 1179 811; x_wconf 77' lang='lat' dir='ltr'>vident</span> <span class='ocrx_word' id='word_1_8' title='bbox 1220 746 1461 821; x_wconf 68' lang='lat' dir='ltr'>socios,</span> <span class='ocrx_word' id='word_1_9' title='bbox 1501 740 1876 832; x_wconf 76' lang='lat' dir='ltr'><strong>hostemque</strong></span> <span class='ocrx_word' id='word_1_10' title='bbox 1920 764 2276 832; x_wconf 82' lang='lat' dir='ltr'>receptum.</span> 
     </span>
     <span class='ocr_line' id='line_1_3' title="bbox 491 858 2377 956; baseline -0.002 -23"><span class='ocrx_word' id='word_1_11' title='bbox 491 874 570 933; x_wconf 85' lang='lat' dir='ltr'>Et</span> <span class='ocrx_word' id='word_1_12' title='bbox 596 863 991 935; x_wconf 74' lang='lat' dir='ltr'>Mnestheus:</span> <span class='ocrx_word' id='word_1_13' title='bbox 1010 858 1149 945; x_wconf 83' lang='lat' dir='ltr'>Quo</span> <span class='ocrx_word' id='word_1_14' title='bbox 1162 863 1391 930; x_wconf 87' lang='lat' dir='ltr'>deinde</span> <span class='ocrx_word' id='word_1_15' title='bbox 1406 859 1649 955; x_wconf 82' lang='lat' dir='ltr'>fugam,</span> <span class='ocrx_word' id='word_1_16' title='bbox 1664 887 1792 953; x_wconf 82' lang='lat' dir='ltr'>quo</span> <span class='ocrx_word' id='word_1_17' title='bbox 1809 864 2074 929; x_wconf 75' lang='lat' dir='ltr'>tenditis</span> <span class='ocrx_word' id='word_1_18' title='bbox 2091 859 2120 930; x_wconf 60' lang='grc' dir='ltr'>’.Ρ</span> <span class='ocrx_word' id='word_1_19' title='bbox 2135 869 2377 956; x_wconf 74' lang='lat' dir='ltr'>inquitt</span> 
     </span>
     <span class='ocr_line' id='line_1_4' title="bbox 490 982 2360 1073; baseline -0.001 -22"><span class='ocrx_word' id='word_1_20' title='bbox 490 994 658 1069; x_wconf 71' lang='lat' dir='ltr'>Quos</span> <span class='ocrx_word' id='word_1_21' title='bbox 698 988 863 1052; x_wconf 78' lang='lat' dir='ltr'>aliua</span> <span class='ocrx_word' id='word_1_22' title='bbox 902 1007 1143 1062; x_wconf 72' lang='lat' dir='ltr'>muron,</span> <span class='ocrx_word' id='word_1_23' title='bbox 1183 1006 1351 1073; x_wconf 88' lang='lat' dir='ltr'>quae</span> <span class='ocrx_word' id='word_1_24' title='bbox 1390 986 1519 1049; x_wconf 89' lang='lat' dir='ltr'>iam</span> <span class='ocrx_word' id='word_1_25' title='bbox 1564 984 1736 1049; x_wconf 82' lang='lat' dir='ltr'>ultra</span> <span class='ocrx_word' id='word_1_26' title='bbox 1776 988 2024 1064; x_wconf 80' lang='lat' dir='ltr'>moenia</span> <span class='ocrx_word' id='word_1_27' title='bbox 2063 982 2360 1051; x_wconf 71' lang='lat' dir='ltr'>habetis?</span> 
     </span>
     <span class='ocr_line' id='line_1_5' title="bbox 492 1104 2278 1195; baseline 0 -26"><span class='ocrx_word' id='word_1_28' title='bbox 492 1113 663 1172; x_wconf 76' lang='lat' dir='ltr'>Vnus</span> <span class='ocrx_word' id='word_1_29' title='bbox 706 1104 929 1195; x_wconf 64' lang='lat' dir='ltr'>home,</span> <span class='ocrx_word' id='word_1_30' title='bbox 970 1123 1033 1169; x_wconf 89' lang='lat' dir='ltr'>et</span> <span class='ocrx_word' id='word_1_31' title='bbox 1075 1107 1335 1181; x_wconf 70' lang='lat' dir='ltr'>ventris,</span> <span class='ocrx_word' id='word_1_32' title='bbox 1375 1125 1415 1166; x_wconf 88' lang='lat' dir='ltr'>o</span> <span class='ocrx_word' id='word_1_33' title='bbox 1452 1106 1657 1180; x_wconf 74' lang='lat' dir='ltr'>cives,</span> <span class='ocrx_word' id='word_1_34' title='bbox 1700 1106 1986 1193; x_wconf 86' lang='lat' dir='ltr'>undique</span> <span class='ocrx_word' id='word_1_35' title='bbox 2025 1124 2278 1193; x_wconf 76' lang='lat' dir='ltr'>saeptus</span> 
     </span>
     <span class='ocr_line' id='line_1_6' title="bbox 495 1222 2178 1317; baseline -0.001 -28"><span class='ocrx_word' id='word_1_36' title='bbox 495 1226 901 1317; x_wconf 70' lang='lat' dir='ltr'>Aggeribus,</span> <span class='ocrx_word' id='word_1_37' title='bbox 939 1242 1147 1287; x_wconf 70' lang='lat' dir='ltr'>tantae</span> <span class='ocrx_word' id='word_1_38' title='bbox 1183 1244 1429 1313; x_wconf 77' lang='lat' dir='ltr'>strages</span> <span class='ocrx_word' id='word_1_39' title='bbox 1472 1224 1730 1309; x_wconf 84' lang='lat' dir='ltr'>impune</span> <span class='ocrx_word' id='word_1_40' title='bbox 1770 1246 1882 1310; x_wconf 88' lang='lat' dir='ltr'>per</span> <span class='ocrx_word' id='word_1_41' title='bbox 1923 1222 2178 1303; x_wconf 85' lang='lat' dir='ltr'>urbem,</span> 
     </span>
     <span class='ocr_line' id='line_1_7' title="bbox 492 1336 2125 1431; baseline -0.003 -20"><span class='ocrx_word' id='word_1_42' title='bbox 492 1340 831 1411; x_wconf 75' lang='lat' dir='ltr'>Ediderit?</span> <span class='ocrx_word' id='word_1_43' title='bbox 876 1348 1176 1409; x_wconf 78' lang='lat' dir='ltr'>iuvenum</span> <span class='ocrx_word' id='word_1_44' title='bbox 1218 1346 1453 1431; x_wconf 71' lang='lat' dir='ltr'>primos</span> <span class='ocrx_word' id='word_1_45' title='bbox 1496 1361 1591 1407; x_wconf 88' lang='lat' dir='ltr'>tot</span> <span class='ocrx_word' id='word_1_46' title='bbox 1638 1345 1876 1406; x_wconf 76' lang='lat' dir='ltr'>miserit</span> <span class='ocrx_word' id='word_1_47' title='bbox 1918 1336 2125 1405; x_wconf 81' lang='lat' dir='ltr'>Orco?</span> 
     </span>
    </p>

    <p class='ocr_par' dir='ltr' id='par_1_3' title="bbox 494 1458 2061 1551">
     <span class='ocr_line' id='line_1_8' title="bbox 494 1458 2061 1551; baseline -0.003 -21"><span class='ocrx_word' id='word_1_48' title='bbox 494 1468 633 1530; x_wconf 80' lang='lat' dir='ltr'>Non</span> <span class='ocrx_word' id='word_1_49' title='bbox 676 1461 959 1530; x_wconf 78' lang='lat' dir='ltr'>infelicis</span> <span class='ocrx_word' id='word_1_50' title='bbox 994 1468 1274 1551; x_wconf 78' lang='lat' dir='ltr'>patriae,</span> <span class='ocrx_word' id='word_1_51' title='bbox 1316 1482 1733 1548; x_wconf 81' lang='lat' dir='ltr'>veterumque</span> <span class='ocrx_word' id='word_1_52' title='bbox 1770 1458 2061 1538; x_wconf 86' lang='lat' dir='ltr'>deorum,</span> 
     </span>
    </p>

    <p class='ocr_par' dir='ltr' id='par_1_4' title="bbox 492 1570 2206 1913">
     <span class='ocr_line' id='line_1_9' title="bbox 492 1570 2206 1675; baseline -0.005 -26"><span class='ocrx_word' id='word_1_53' title='bbox 492 1590 571 1649; x_wconf 86' lang='lat' dir='ltr'>Et</span> <span class='ocrx_word' id='word_1_54' title='bbox 613 1588 825 1675; x_wconf 86' lang='lat' dir='ltr'>magni</span> <span class='ocrx_word' id='word_1_55' title='bbox 866 1590 1113 1649; x_wconf 85' lang='lat' dir='ltr'>Aeneae</span> <span class='ocrx_word' id='word_1_56' title='bbox 1150 1604 1371 1675; x_wconf 74' lang='lat' dir='ltr'>segnes</span> <span class='ocrx_word' id='word_1_57' title='bbox 1412 1583 1790 1667; x_wconf 78' lang='lat' dir='ltr'>miseretque</span> <span class='ocrx_word' id='word_1_58' title='bbox 1832 1570 2206 1669; x_wconf 73' lang='lat' dir='ltr'>pudetque?</span> 
     </span>
     <span class='ocr_line' id='line_1_10' title="bbox 495 1699 2074 1791; baseline -0.004 -23"><span class='ocrx_word' id='word_1_59' title='bbox 495 1702 761 1769; x_wconf 73' lang='lat' dir='ltr'>Talibus</span> <span class='ocrx_word' id='word_1_60' title='bbox 800 1708 1047 1769; x_wconf 73' lang='lat' dir='ltr'>accensi</span> <span class='ocrx_word' id='word_1_61' title='bbox 1084 1703 1445 1777; x_wconf 85' lang='lat' dir='ltr'>firmantur,</span> <span class='ocrx_word' id='word_1_62' title='bbox 1484 1720 1547 1765; x_wconf 90' lang='lat' dir='ltr'>et</span> <span class='ocrx_word' id='word_1_63' title='bbox 1592 1702 1842 1791; x_wconf 81' lang='lat' dir='ltr'>agmine</span> <span class='ocrx_word' id='word_1_64' title='bbox 1882 1699 2074 1764; x_wconf 74' lang='lat' dir='ltr'>denso</span> 
     </span>
     <span class='ocr_line' id='line_1_11' title="bbox 496 1818 2200 1913; baseline -0.004 -26"><span class='ocrx_word' id='word_1_65' title='bbox 496 1828 892 1887; x_wconf 74' lang='lat' dir='ltr'>Conaiatunt.</span> <span class='ocrx_word' id='word_1_66' title='bbox 934 1828 1187 1887; x_wconf 70' lang='lat' dir='ltr'>Turnus</span> <span class='ocrx_word' id='word_1_67' title='bbox 1224 1822 1564 1913; x_wconf 83' lang='lat' dir='ltr'>paullatim</span> <span class='ocrx_word' id='word_1_68' title='bbox 1602 1818 1912 1885; x_wconf 81' lang='lat' dir='ltr'>excedere</span> <span class='ocrx_word' id='word_1_69' title='bbox 1953 1838 2200 1909; x_wconf 84' lang='lat' dir='ltr'>pugna,</span> 
     </span>
    </p>

    <p class='ocr_par' dir='ltr' id='par_1_5' title="bbox 494 1941 2350 2148">
     <span class='ocr_line' id='line_1_12' title="bbox 494 1941 2350 2030; baseline -0.002 -23"><span class='ocrx_word' id='word_1_70' title='bbox 494 1947 572 2007; x_wconf 84' lang='lat' dir='ltr'>Et</span> <span class='ocrx_word' id='word_1_71' title='bbox 610 1941 881 2007; x_wconf 83' lang='lat' dir='ltr'>fluvium</span> <span class='ocrx_word' id='word_1_72' title='bbox 924 1964 1171 2029; x_wconf 88' lang='lat' dir='ltr'>petere,</span> <span class='ocrx_word' id='word_1_73' title='bbox 1212 1966 1287 2006; x_wconf 84' lang='lat' dir='ltr'>ac</span> <span class='ocrx_word' id='word_1_74' title='bbox 1330 1960 1572 2028; x_wconf 83' lang='lat' dir='ltr'>partem</span> <span class='ocrx_word' id='word_1_75' title='bbox 1612 1962 1781 2030; x_wconf 86' lang='lat' dir='ltr'>quae</span> <span class='ocrx_word' id='word_1_76' title='bbox 1823 1943 2107 2030; x_wconf 83' lang='lat' dir='ltr'>cingitur</span> <span class='ocrx_word' id='word_1_77' title='bbox 2149 1941 2350 2003; x_wconf 82' lang='lat' dir='ltr'>amni.</span> 
     </span>
     <span class='ocr_line' id='line_1_13' title="bbox 495 2058 2184 2148; baseline -0.002 -22"><span class='ocrx_word' id='word_1_78' title='bbox 495 2067 723 2129; x_wconf 75' lang='lat' dir='ltr'>Acrius</span> <span class='ocrx_word' id='word_1_79' title='bbox 764 2060 883 2127; x_wconf 83' lang='lat' dir='ltr'>hoc</span> <span class='ocrx_word' id='word_1_80' title='bbox 928 2066 1163 2128; x_wconf 83' lang='lat' dir='ltr'>Teucri</span> <span class='ocrx_word' id='word_1_81' title='bbox 1199 2062 1475 2126; x_wconf 84' lang='lat' dir='ltr'>clamore</span> <span class='ocrx_word' id='word_1_82' title='bbox 1515 2058 1878 2125; x_wconf 88' lang='lat' dir='ltr'>incumbere</span> <span class='ocrx_word' id='word_1_83' title='bbox 1922 2080 2184 2148; x_wconf 80' lang='lat' dir='ltr'>magne,</span> 
     </span>
    </p>

    <p class='ocr_par' dir='ltr' id='par_1_6' title="bbox 500 2178 2390 2983">
     <span class='ocr_line' id='line_1_14' title="bbox 504 2178 2268 2271; baseline -0.003 -27"><span class='ocrx_word' id='word_1_84' title='bbox 504 2186 581 2245; x_wconf 84' lang='lat' dir='ltr'>Et</span> <span class='ocrx_word' id='word_1_85' title='bbox 620 2181 974 2271; x_wconf 83' lang='lat' dir='ltr'>glomerare</span> <span class='ocrx_word' id='word_1_86' title='bbox 1017 2203 1301 2246; x_wconf 84' lang='lat' dir='ltr'>manum:</span> <span class='ocrx_word' id='word_1_87' title='bbox 1340 2201 1458 2244; x_wconf 88' lang='lat' dir='ltr'>ceu</span> <span class='ocrx_word' id='word_1_88' title='bbox 1494 2202 1752 2244; x_wconf 78' lang='lat' dir='ltr'>saevum</span> <span class='ocrx_word' id='word_1_89' title='bbox 1793 2178 1985 2243; x_wconf 87' lang='lat' dir='ltr'>turba</span> <span class='ocrx_word' id='word_1_90' title='bbox 2021 2178 2268 2243; x_wconf 88' lang='lat' dir='ltr'>leonem</span> 
     </span>
     <span class='ocr_line' id='line_1_15' title="bbox 504 2298 2100 2387; baseline 0.002 -24"><span class='ocrx_word' id='word_1_91' title='bbox 504 2305 711 2381; x_wconf 81' lang='lat' dir='ltr'>Quum</span> <span class='ocrx_word' id='word_1_92' title='bbox 754 2300 901 2365; x_wconf 74' lang='lat' dir='ltr'>telis</span> <span class='ocrx_word' id='word_1_93' title='bbox 941 2304 1173 2387; x_wconf 86' lang='lat' dir='ltr'>premit</span> <span class='ocrx_word' id='word_1_94' title='bbox 1214 2298 1505 2367; x_wconf 80' lang='lat' dir='ltr'>infensis:</span> <span class='ocrx_word' id='word_1_95' title='bbox 1546 2318 1611 2363; x_wconf 84' lang='lat' dir='ltr'>at</span> <span class='ocrx_word' id='word_1_96' title='bbox 1652 2302 1916 2365; x_wconf 77' lang='lat' dir='ltr'>territus</span> <span class='ocrx_word' id='word_1_97' title='bbox 1956 2300 2100 2377; x_wconf 86' lang='lat' dir='ltr'>ille,</span> 
     </span>
     <span class='ocr_line' id='line_1_16' title="bbox 500 2394 2296 2513; baseline 0.003 -33"><span class='ocrx_word' id='word_1_98' title='bbox 500 2416 731 2507; x_wconf 54' lang='lat' dir='ltr'>Asper,</span> <span class='ocrx_word' id='word_1_99' title='bbox 775 2418 1005 2483; x_wconf 90' lang='lat' dir='ltr'>acerba</span> <span class='ocrx_word' id='word_1_100' title='bbox 1048 2438 1264 2497; x_wconf 77' lang='lat' dir='ltr'>mena,</span> <span class='ocrx_word' id='word_1_101' title='bbox 1307 2440 1477 2485; x_wconf 88' lang='lat' dir='ltr'>retro</span> <span class='ocrx_word' id='word_1_102' title='bbox 1516 2419 1720 2499; x_wconf 85' lang='lat' dir='ltr'>redit;</span> <span class='ocrx_word' id='word_1_103' title='bbox 1761 2439 1825 2483; x_wconf 92' lang='lat' dir='ltr'>et</span> <span class='ocrx_word' id='word_1_104' title='bbox 1868 2394 2074 2511; x_wconf 54' lang='lat' dir='ltr'>nerine</span> <span class='ocrx_word' id='word_1_105' title='bbox 2118 2443 2296 2513; x_wconf 87' lang='lat' dir='ltr'>terga</span> 
     </span>
     <span class='ocr_line' id='line_1_17' title="bbox 504 2538 2268 2627; baseline 0.002 -26"><span class='ocrx_word' id='word_1_106' title='bbox 504 2542 607 2602; x_wconf 87' lang='lat' dir='ltr'>Ira</span> <span class='ocrx_word' id='word_1_107' title='bbox 645 2538 797 2603; x_wconf 89' lang='lat' dir='ltr'>dare</span> <span class='ocrx_word' id='word_1_108' title='bbox 833 2558 940 2602; x_wconf 88' lang='lat' dir='ltr'>aut</span> <span class='ocrx_word' id='word_1_109' title='bbox 984 2541 1186 2606; x_wconf 76' lang='lat' dir='ltr'>virtus</span> <span class='ocrx_word' id='word_1_110' title='bbox 1226 2540 1513 2627; x_wconf 87' lang='lat' dir='ltr'>patitur;</span> <span class='ocrx_word' id='word_1_111' title='bbox 1557 2562 1671 2604; x_wconf 89' lang='lat' dir='ltr'>nec</span> <span class='ocrx_word' id='word_1_112' title='bbox 1714 2539 1972 2605; x_wconf 90' lang='lat' dir='ltr'>tendere</span> <span class='ocrx_word' id='word_1_113' title='bbox 2014 2560 2268 2619; x_wconf 88' lang='lat' dir='ltr'>contra,</span> 
     </span>
     <span class='ocr_line' id='line_1_18' title="bbox 506 2637 2390 2750; baseline 0.002 -32"><span class='ocrx_word' id='word_1_114' title='bbox 506 2637 620 2720; x_wconf 76' lang='lat' dir='ltr'>Ille</span> <span class='ocrx_word' id='word_1_115' title='bbox 649 2656 909 2746; x_wconf 88' lang='lat' dir='ltr'>quidem</span> <span class='ocrx_word' id='word_1_116' title='bbox 954 2654 1075 2720; x_wconf 86' lang='lat' dir='ltr'>hoc</span> <span class='ocrx_word' id='word_1_117' title='bbox 1117 2661 1414 2744; x_wconf 72' lang='lat' dir='ltr'>cupiens,</span> <span class='ocrx_word' id='word_1_118' title='bbox 1456 2665 1623 2746; x_wconf 82' lang='lat' dir='ltr'>potia</span> <span class='ocrx_word' id='word_1_119' title='bbox 1651 2677 1743 2722; x_wconf 79' lang='lat' dir='ltr'>eet</span> <span class='ocrx_word' id='word_1_120' title='bbox 1771 2683 1882 2747; x_wconf 88' lang='lat' dir='ltr'>per</span> <span class='ocrx_word' id='word_1_121' title='bbox 1908 2659 2036 2723; x_wconf 89' lang='lat' dir='ltr'>tela</span> <span class='ocrx_word' id='word_1_122' title='bbox 2060 2662 2356 2750; x_wconf 75' lang='lat' dir='ltr'>virosque</span> <span class='ocrx_word' id='word_1_123' title='bbox 2375 2706 2390 2722; x_wconf 88' lang='lat'><strong>.</strong></span> 
     </span>
     <span class='ocr_line' id='line_1_19' title="bbox 509 2774 2024 2864; baseline 0 -26"><span class='ocrx_word' id='word_1_124' title='bbox 509 2775 691 2840; x_wconf 84' lang='lat' dir='ltr'>Haud</span> <span class='ocrx_word' id='word_1_125' title='bbox 732 2775 925 2838; x_wconf 84' lang='lat' dir='ltr'>aliter</span> <span class='ocrx_word' id='word_1_126' title='bbox 967 2792 1138 2839; x_wconf 88' lang='lat' dir='ltr'>retro</span> <span class='ocrx_word' id='word_1_127' title='bbox 1178 2774 1415 2841; x_wconf 73' lang='lat' dir='ltr'>dubius</span> <span class='ocrx_word' id='word_1_128' title='bbox 1454 2778 1728 2864; x_wconf 71' lang='lat' dir='ltr'>vestigia</span> <span class='ocrx_word' id='word_1_129' title='bbox 1771 2779 2024 2838; x_wconf 72' lang='lat' dir='ltr'>Turnus</span> 
     </span>
     <span class='ocr_line' id='line_1_20' title="bbox 508 2891 2056 2983; baseline 0 -27"><span class='ocrx_word' id='word_1_130' title='bbox 508 2897 930 2983; x_wconf 84' lang='lat' dir='ltr'>Improperata</span> <span class='ocrx_word' id='word_1_131' title='bbox 970 2891 1199 2972; x_wconf 86' lang='lat' dir='ltr'>refert,</span> <span class='ocrx_word' id='word_1_132' title='bbox 1241 2913 1304 2959; x_wconf 90' lang='lat' dir='ltr'>et</span> <span class='ocrx_word' id='word_1_133' title='bbox 1344 2918 1513 2959; x_wconf 83' lang='lat' dir='ltr'>mena</span> <span class='ocrx_word' id='word_1_134' title='bbox 1552 2912 1886 2959; x_wconf 75' lang='lat' dir='ltr'>exaestuat</span> <span class='ocrx_word' id='word_1_135' title='bbox 1929 2898 2056 2957; x_wconf 87' lang='lat' dir='ltr'>ira.</span> 
     </span>
    </p>

    <p class='ocr_par' dir='ltr' id='par_1_7' title="bbox 514 3011 2155 3094">
     <span class='ocr_line' id='line_1_21' title="bbox 514 3011 2155 3094; baseline -0.001 -17"><span class='ocrx_word' id='word_1_136' title='bbox 514 3017 677 3094; x_wconf 85' lang='lat' dir='ltr'>Quin</span> <span class='ocrx_word' id='word_1_137' title='bbox 716 3017 910 3077; x_wconf 87' lang='lat' dir='ltr'>etiam</span> <span class='ocrx_word' id='word_1_138' title='bbox 950 3012 1049 3076; x_wconf 75' lang='lat' dir='ltr'>bis</span> <span class='ocrx_word' id='word_1_139' title='bbox 1094 3031 1227 3078; x_wconf 90' lang='lat' dir='ltr'>tum</span> <span class='ocrx_word' id='word_1_140' title='bbox 1270 3013 1505 3081; x_wconf 73' lang='lat' dir='ltr'>medios</span> <span class='ocrx_word' id='word_1_141' title='bbox 1548 3018 1866 3078; x_wconf 78' lang='lat' dir='ltr'>invaserat</span> <span class='ocrx_word' id='word_1_142' title='bbox 1909 3011 2155 3078; x_wconf 79' lang='lat' dir='ltr'>hostes:</span> 
     </span>
    </p>

    <p class='ocr_par' dir='ltr' id='par_1_8' title="bbox 510 3130 2070 3225">
     <span class='ocr_line' id='line_1_22' title="bbox 510 3130 2070 3225; baseline -0.001 -29"><span class='ocrx_word' id='word_1_143' title='bbox 510 3137 607 3197; x_wconf 77' lang='lat' dir='ltr'>Bis</span> <span class='ocrx_word' id='word_1_144' title='bbox 646 3130 916 3199; x_wconf 75' lang='lat' dir='ltr'>confusa</span> <span class='ocrx_word' id='word_1_145' title='bbox 954 3130 1109 3224; x_wconf 85' lang='lat' dir='ltr'>fuga</span> <span class='ocrx_word' id='word_1_146' title='bbox 1148 3157 1261 3221; x_wconf 89' lang='lat' dir='ltr'>per</span> <span class='ocrx_word' id='word_1_147' title='bbox 1302 3157 1509 3198; x_wconf 70' lang='lat' dir='ltr'>muron</span> <span class='ocrx_word' id='word_1_148' title='bbox 1548 3137 1800 3225; x_wconf 83' lang='lat' dir='ltr'>agmina</span> <span class='ocrx_word' id='word_1_149' title='bbox 1839 3135 2070 3197; x_wconf 74' lang='lat' dir='ltr'>vertit.</span> 
     </span>
    </p>

    <p class='ocr_par' dir='ltr' id='par_1_9' title="bbox 511 3253 2312 3441">
     <span class='ocr_line' id='line_1_23' title="bbox 511 3253 2312 3342; baseline 0.001 -27"><span class='ocrx_word' id='word_1_150' title='bbox 511 3253 623 3318; x_wconf 90' lang='lat' dir='ltr'>Sed</span> <span class='ocrx_word' id='word_1_151' title='bbox 668 3276 885 3318; x_wconf 78' lang='lat' dir='ltr'>manua</span> <span class='ocrx_word' id='word_1_152' title='bbox 923 3276 958 3316; x_wconf 91' lang='lat' dir='ltr'>e</span> <span class='ocrx_word' id='word_1_153' title='bbox 996 3257 1221 3318; x_wconf 71' lang='lat' dir='ltr'>castris</span> <span class='ocrx_word' id='word_1_154' title='bbox 1264 3277 1533 3342; x_wconf 86' lang='lat' dir='ltr'>propere</span> <span class='ocrx_word' id='word_1_155' title='bbox 1568 3261 1701 3318; x_wconf 88' lang='lat' dir='ltr'>coit</span> <span class='ocrx_word' id='word_1_156' title='bbox 1747 3257 1948 3318; x_wconf 77' lang='lat' dir='ltr'>omnis</span> <span class='ocrx_word' id='word_1_157' title='bbox 1988 3257 2052 3318; x_wconf 90' lang='lat' dir='ltr'>in</span> <span class='ocrx_word' id='word_1_158' title='bbox 2091 3275 2312 3318; x_wconf 75' lang='lat' dir='ltr'>unumz</span> 
     </span>
     <span class='ocr_line' id='line_1_24' title="bbox 516 3374 1897 3441; baseline 0.001 -6"><span class='ocrx_word' id='word_1_159' title='bbox 516 3377 642 3438; x_wconf 86' lang='lat' dir='ltr'>Nec</span> <span class='ocrx_word' id='word_1_160' title='bbox 686 3393 909 3437; x_wconf 87' lang='lat' dir='ltr'>contra</span> <span class='ocrx_word' id='word_1_161' title='bbox 948 3377 1116 3438; x_wconf 73' lang='lat' dir='ltr'>vires</span> <span class='ocrx_word' id='word_1_162' title='bbox 1152 3374 1343 3441; x_wconf 89' lang='lat' dir='ltr'>audet</span> <span class='ocrx_word' id='word_1_163' title='bbox 1388 3376 1692 3438; x_wconf 87' lang='lat' dir='ltr'>Saturnia</span> <span class='ocrx_word' id='word_1_164' title='bbox 1737 3377 1897 3437; x_wconf 83' lang='lat' dir='ltr'>Iuno</span> 
     </span>
    </p>

    <p class='ocr_par' dir='ltr' id='par_1_10' title="bbox 514 3489 2236 3704">
     <span class='ocr_line' id='line_1_25' title="bbox 514 3489 2056 3582; baseline 0 -28"><span class='ocrx_word' id='word_1_165' title='bbox 514 3489 845 3570; x_wconf 88' lang='lat' dir='ltr'>Sufficere;</span> <span class='ocrx_word' id='word_1_166' title='bbox 888 3495 1122 3557; x_wconf 71' lang='lat' dir='ltr'>aeriam</span> <span class='ocrx_word' id='word_1_167' title='bbox 1166 3494 1346 3558; x_wconf 89' lang='lat' dir='ltr'>caelo</span> <span class='ocrx_word' id='word_1_168' title='bbox 1386 3517 1525 3558; x_wconf 85' lang='lat' dir='ltr'>nam</span> <span class='ocrx_word' id='word_1_169' title='bbox 1571 3497 1866 3582; x_wconf 86' lang='lat' dir='ltr'>Iuppiter</span> <span class='ocrx_word' id='word_1_170' title='bbox 1909 3495 2056 3556; x_wconf 84' lang='lat' dir='ltr'>Irim</span> 
     </span>
     <span class='ocr_line' id='line_1_26' title="bbox 515 3609 2236 3704; baseline 0 -30"><span class='ocrx_word' id='word_1_171' title='bbox 515 3615 811 3692; x_wconf 80' lang='lat' dir='ltr'>Demiait,</span> <span class='ocrx_word' id='word_1_172' title='bbox 847 3635 1176 3704; x_wconf 84' lang='lat' dir='ltr'>germanae</span> <span class='ocrx_word' id='word_1_173' title='bbox 1216 3613 1389 3682; x_wconf 81' lang='lat' dir='ltr'>haud</span> <span class='ocrx_word' id='word_1_174' title='bbox 1432 3613 1645 3678; x_wconf 88' lang='lat' dir='ltr'>mollia</span> <span class='ocrx_word' id='word_1_175' title='bbox 1684 3615 1854 3675; x_wconf 74' lang='lat' dir='ltr'>iussa</span> <span class='ocrx_word' id='word_1_176' title='bbox 1892 3609 2192 3674; x_wconf 88' lang='lat' dir='ltr'>ferentem</span> <span class='ocrx_word' id='word_1_177' title='bbox 2217 3655 2236 3689; x_wconf 91' lang='lat'>‚</span> 
     </span>
    </p>

    <p class='ocr_par' dir='ltr' id='par_1_11' title="bbox 512 3727 2120 3800">
     <span class='ocr_line' id='line_1_27' title="bbox 512 3727 2120 3800; baseline -0.004 -6"><span class='ocrx_word' id='word_1_178' title='bbox 512 3735 591 3796; x_wconf 77' lang='lat' dir='ltr'>Ni</span> <span class='ocrx_word' id='word_1_179' title='bbox 618 3737 873 3795; x_wconf 77' lang='lat' dir='ltr'>Turnus</span> <span class='ocrx_word' id='word_1_180' title='bbox 912 3732 1093 3797; x_wconf 88' lang='lat' dir='ltr'>cedat</span> <span class='ocrx_word' id='word_1_181' title='bbox 1138 3735 1523 3800; x_wconf 82' lang='lat' dir='ltr'>Teucrorum</span> <span class='ocrx_word' id='word_1_182' title='bbox 1570 3729 1895 3794; x_wconf 72' lang='lat' dir='ltr'>moenibus</span> <span class='ocrx_word' id='word_1_183' title='bbox 1938 3727 2120 3789; x_wconf 83' lang='lat' dir='ltr'>altis.</span> 
     </span>
    </p>

    <p class='ocr_par' dir='ltr' id='par_1_12' title="bbox 509 3851 2085 3943">
     <span class='ocr_line' id='line_1_28' title="bbox 509 3851 2085 3943; baseline -0.004 -30"><span class='ocrx_word' id='word_1_184' title='bbox 509 3853 671 3943; x_wconf 83' lang='lat' dir='ltr'>Ergo</span> <span class='ocrx_word' id='word_1_185' title='bbox 714 3855 828 3916; x_wconf 74' lang='lat' dir='ltr'>nec</span> <span class='ocrx_word' id='word_1_186' title='bbox 872 3851 1083 3939; x_wconf 89' lang='lat' dir='ltr'>clipeo</span> <span class='ocrx_word' id='word_1_187' title='bbox 1121 3857 1372 3920; x_wconf 76' lang='lat' dir='ltr'>iuvenis</span> <span class='ocrx_word' id='word_1_188' title='bbox 1414 3851 1760 3916; x_wconf 74' lang='lat' dir='ltr'>subsistere</span> <span class='ocrx_word' id='word_1_189' title='bbox 1807 3863 2085 3920; x_wconf 85' lang='lat' dir='ltr'>tautum,</span> 
     </span>
    </p>

    <p class='ocr_par' dir='ltr' id='par_1_13' title="bbox 512 3961 2108 4053">
     <span class='ocr_line' id='line_1_29' title="bbox 512 3961 2108 4053; baseline -0.005 -19"><span class='ocrx_word' id='word_1_190' title='bbox 512 3972 645 4035; x_wconf 79' lang='lat' dir='ltr'>Nec</span> <span class='ocrx_word' id='word_1_191' title='bbox 686 3969 917 4037; x_wconf 66' lang='lat' dir='ltr'>dextra</span> <span class='ocrx_word' id='word_1_192' title='bbox 958 3971 1158 4040; x_wconf 73' lang='lat' dir='ltr'>valet:</span> <span class='ocrx_word' id='word_1_193' title='bbox 1205 3975 1465 4038; x_wconf 77' lang='lat' dir='ltr'>iniectis</span> <span class='ocrx_word' id='word_1_194' title='bbox 1503 3973 1593 4033; x_wconf 74' lang='lat' dir='ltr'>sic</span> <span class='ocrx_word' id='word_1_195' title='bbox 1638 3967 1924 4053; x_wconf 87' lang='lat' dir='ltr'>undique</span> <span class='ocrx_word' id='word_1_196' title='bbox 1965 3961 2108 4026; x_wconf 71' lang='lat' dir='ltr'>telis</span> 
     </span>
    </p>
   </div>
  </div>
 </body>
</html>
