3400 5175
1007 696 1463 753 Annnrnos
1524 698 1699 751 mn.
1763 698 1930 752 ΧΠ.
2021 703 2182 779 272
2303 678 2461 755 203

586 838 729 897 Vna
764 848 863 895 tot
904 829 1181 895 Arcadio
1222 833 1457 894 coniux
1492 828 1831 920 Tyrrhena
1873 834 2204 919 Gylipp03

590 954 831 1015 Horum
870 972 1099 1027 unum,
1140 948 1221 1017 ad
1264 948 1573 1027 medium,
1611 954 1844 1014 teritur
1879 974 2010 1039 qua
2039 954 2252 1017 sutilis
2291 954 2438 1019 alvo

590 1071 877 1147 Balteus,
916 1087 980 1133 et
1022 1069 1291 1133 laterum
1328 1072 1655 1133 iuncturas
1695 1068 1890 1134 fibula
1927 1070 2170 1137 mordet
2193 1119 2212 1150 ,

591 1191 943 1279 Egregium
985 1184 1185 1251 forma
1220 1190 1513 1252 iuvenem
1554 1208 1619 1251 et
1660 1184 2060 1281 fulgentibus
2099 1195 2321 1271 armis,

586 1307 994 1396 Transadigit
1034 1326 1273 1384 costas,
1316 1303 1626 1395 fulvaque
1664 1306 1938 1372 effundit
1981 1330 2201 1373 arena.

587 1433 673 1492 At
712 1426 976 1504 fratres,
1016 1430 1296 1490 animosa
1336 1425 1649 1513 phalanx,
1696 1448 2086 1515 accensaque
2125 1430 2341 1506 luctu,

590 1550 737 1610 Pars
772 1546 1021 1637 gladios
1058 1549 1387 1635 stringunt
1414 1544 1744 1623 manibus,
1785 1568 1932 1634 pars
1963 1548 2195 1611 missile
2230 1545 2464 1614 ferrum

586 1666 990 1752 corripiunt,
1032 1668 1340 1751 caecique
1378 1680 1607 1727 ruunt.
1659 1666 1828 1745 Quos
1864 1669 2116 1755 agmina
2155 1684 2379 1731 contra

584 1787 965 1847 Procurrunt
1004 1788 1419 1847 Laurentum:
1468 1780 1621 1846 hinc
1664 1782 1839 1846 densi
1878 1806 2093 1849 rursus
2131 1785 2440 1850 inundant

586 1907 809 1981 Troes,
854 1902 1309 1992 Agyllinique,
1348 1918 1411 1963 et
1449 1904 1643 1987 pictis
1684 1899 1965 1965 Arcades
2005 1906 2227 1966 armis.

586 2023 689 2085 Sic
731 2042 940 2084 ornnes
979 2044 1148 2084 amor
1188 2042 1349 2084 unus
1390 2017 1587 2083 habet
1626 2016 1968 2083 decernere
2008 2016 2215 2083 ferm.

586 2142 927 2226 Diripuere
966 2160 1137 2203 aras:
1181 2143 1233 2201 it
1277 2157 1412 2201 toto
1453 2136 1716 2200 turbida
1757 2138 1936 2201 caelo

586 2260 953 2343 Tempestas
995 2257 1302 2332 telorum,
1342 2278 1415 2319 ac
1454 2252 1695 2319 ferreus
1731 2260 1974 2347 ingruit
2016 2257 2256 2339 imber-3

589 2380 1003 2465 craterasque
1042 2373 1345 2462 focosque
1382 2370 1625 2438 ferunt.
1678 2380 1874 2467 Fugit
1915 2380 2052 2464 ipse
2095 2380 2396 2459 Latinus,

586 2498 869 2561 Pulsatos
906 2494 1181 2561 referens
1220 2492 1459 2559 infecto
1502 2490 1757 2557 foedere
1797 2495 2009 2558 divos.

588 2615 921 2681 Infrenant
961 2617 1073 2680 alii
1110 2638 1361 2692 currus,
1404 2632 1514 2677 aut
1555 2635 1822 2698 corpora
1862 2614 2028 2677 saltu

590 2736 960 2801 subiiciunt
1002 2741 1067 2799 in
1104 2757 1337 2824 equos,
1379 2749 1445 2797 et
1484 2733 1732 2795 strictis
1771 2731 2026 2796 ensibus
2069 2730 2328 2796 adsunt.

590 2859 921 2942 Messapus
960 2875 1201 2945 regem,
1242 2854 1541 2942 regisque
1582 2855 1831 2942 insigne
1870 2869 2232 2942 gerentem,

592 2973 991 3066 Tyrrhenum
1040 2973 1375 3049 Aulesten,
1422 2970 1645 3036 avidus
1683 2967 2071 3035 confundere
2111 2966 2370 3048 foedus,

594 3094 875 3158 Adverso
916 3109 1230 3180 proterret
1270 3113 1471 3180 equo:
1518 3093 1649 3156 ruit
1686 3091 1802 3154 ille
1845 3088 2175 3168 recedens,

590 3215 672 3275 Et
712 3216 895 3276 miser
934 3213 1245 3300 oppositis
1282 3233 1317 3274 a
1356 3229 1537 3302 tergo
1576 3210 1935 3274 involvitur
1978 3212 2105 3272 aris

594 3334 667 3394 In
705 3350 898 3416 caput
938 3333 1133 3417 inque
1173 3328 1492 3394 humeros:
1534 3347 1598 3394 at
1632 3326 1922 3394 fervidus
1962 3315 2220 3393 aduolat
2259 3324 2438 3398 hasta.

594 3451 957 3534 Messapus,
996 3450 1259 3536 teloque
1298 3468 1579 3512 orantem
1626 3449 1827 3512 multa
1868 3446 2103 3513 trabali

592 3567 877 3652 Desuper
916 3567 1085 3630 altus
1126 3589 1293 3656 equo
1332 3569 1619 3658 graviter
1654 3563 1846 3646 ferit,
1889 3587 2087 3656 atque
2129 3569 2220 3629 ita
2259 3561 2466 3628 fatur:

592 3687 727 3748 Hoc
766 3683 994 3763 habet3
1044 3684 1197 3750 haec
1240 3687 1465 3750 melior
1506 3691 1746 3776 magnis
1785 3687 1933 3750 data
1973 3687 2238 3750 victima
2273 3683 2480 3748 divis,

591 3806 995 3870 Concurrunt
1036 3804 1224 3882 Itali,
1265 3807 1671 3894 spoliantque
1712 3805 1993 3870 calentia
2031 3800 2344 3865 membra.

591 3921 837 3987 Obvius
874 3922 1231 3989 ambustum
1274 3942 1503 3990 torrem
1540 3929 1911 4015 Corynaeus
1951 3921 2032 3987 ab
2069 3943 2180 3984 ara

594 4043 909 4129 Corripit,
946 4061 1012 4107 et
1055 4044 1339 4110 venienti
1378 4043 1591 4110 Ebuso
1629 4043 2011 4133 plagamque
2049 4035 2284 4104 ferenti
