3400 5175
1003 565 1460 623 Asznos
1523 562 1875 619 L1n.v1.
2040 536 2203 642 495
2326 567 2415 615 21

542 706 659 765 Ora
695 720 1044 786 manusque
1086 695 1334 774 ambas,
1371 696 1811 784 populataque
1857 714 2143 781 tempora
2188 697 2395 782 raptis

541 820 847 896 Auribus,
885 836 948 881 et
995 836 1254 880 truncas
1293 793 1632 879 inhonesto
1677 816 1941 879 vulnere
1982 838 2194 879 nares.

539 946 655 1003 Vix
697 939 854 1001 adeo
894 936 1199 1027 adgnovit
1244 937 1668 1022 pavitantem,
1712 953 1775 997 et
1813 934 1952 999 dira
2000 950 2331 1025 tegentem.

540 1060 911 1145 Supplicia;
955 1074 1015 1119 et
1063 1059 1230 1117 notis
1272 1052 1611 1140 compellat
1652 1052 1916 1117 vocibus
1958 1054 2158 1117 ultro:

537 1176 872 1265 Deiphobe
903 1178 1316 1260 armipotens,
1349 1195 1546 1262 genus
1583 1173 1717 1235 alto
1748 1197 1782 1235 a
1820 1176 2128 1263 sanguine
2160 1176 2434 1251 Teucri,

537 1301 688 1377 Quis
727 1314 857 1358 tam
895 1294 1188 1358 crudeles
1227 1294 1478 1380 optavit
1520 1314 1764 1354 sumere
1808 1285 2081 1377 poenas?

544 1418 663 1477 Cui
705 1434 954 1477 tantum
993 1412 1070 1476 de
1109 1431 1172 1475 te
1211 1403 1450 1475 licuit?
1495 1407 1664 1473 Mihi
1710 1406 1872 1474 fama
1912 1433 2207 1497 suprema

539 1539 744 1599 Nocte
786 1535 972 1611 tulit,
1013 1531 1236 1597 fessum
1281 1552 1458 1595 vasta
1505 1549 1567 1593 te
1609 1530 1802 1594 caede
1848 1526 2177 1621 Pelasgum

544 1653 958 1731 Procubuisse
998 1676 1184 1739 super
1222 1648 1529 1715 confusae
1571 1655 1805 1741 stragis
1842 1674 2172 1715 acervum.

541 1778 718 1837 Tunc
749 1793 998 1864 egomet
1043 1772 1356 1835 tumulum
1403 1768 1687 1833 Rhoeteo
1730 1773 1795 1833 in
1837 1770 2027 1833 litore
2067 1772 2313 1833 inanem

548 1896 906 1969 Constitui,
945 1910 1005 1955 et
1049 1914 1274 1981 magna
1319 1895 1542 1953 Manes
1581 1906 1679 1953 ter
1720 1913 1877 1954 voce
1918 1893 2176 1955 vocavi.

552 2016 789 2075 Nomen
833 2029 894 2073 et
939 2034 1112 2074 arma
1149 2011 1364 2075 locum
1404 2028 1697 2073 servant.
1738 2014 1859 2087 Te,
1904 2014 2140 2089 amice,
2172 2012 2438 2099 nequivi

545 2132 958 2215 Conspicere,
1001 2147 1064 2192 et
1108 2132 1320 2216 patria
1362 2125 1672 2193 decedens
1718 2152 1948 2215 ponere
1990 2150 2191 2195 terra.

544 2248 636 2311 Ad
677 2270 848 2336 quae
891 2248 1266 2313 Priamides:
1317 2248 1498 2311 Nihil
1540 2272 1577 2311 ο
1617 2249 1781 2327 tibi,
1823 2254 2056 2329 amice,
2100 2250 2431 2314 relictum:

547 2372 768 2429 Omnia
815 2366 1154 2454 Deiphobo
1193 2368 1480 2447 solvisti,
1523 2388 1586 2432 et
1631 2366 1871 2434 funeris
1912 2370 2177 2435 umbris.

547 2486 666 2550 Sed
710 2510 804 2549 me
848 2483 982 2551 fata
1021 2512 1154 2551 mea
1194 2505 1257 2551 et
1295 2489 1501 2552 scelus
1538 2489 1808 2552 exitiale
1851 2493 2175 2553 Lacaenae

541 2609 657 2669 His
697 2629 966 2670 mersere
1004 2609 1218 2671 malis:
1263 2609 1380 2672 illa
1417 2607 1571 2673 haec
1615 2627 2019 2672 monumenta
2058 2609 2365 2696 reliquit.

545 2729 873 2816 Namque,
919 2747 986 2790 ut
1027 2751 1376 2816 supremam
1422 2726 1578 2792 falsa
1621 2731 1790 2789 inter
1830 2726 2067 2816 gaudia
2106 2742 2355 2788 noctem

549 2849 912 2937 Egel-imus,
959 2851 1158 2926 nosti;
1203 2867 1266 2911 et
1310 2850 1572 2911 nimium
1607 2849 1957 2910 meminisse
1985 2867 2237 2910 necesse
2273 2863 2403 2910 est.

544 2971 746 3046 Quum
797 2963 1014 3029 fatalis
1057 2990 1258 3056 equus
1299 2967 1470 3030 saltu
1513 2989 1700 3054 super
1744 2965 1940 3030 ardua
1980 2968 2157 3031 venit

544 3089 882 3174 Pergama,
921 3105 986 3148 et
1032 3105 1344 3150 armatum
1389 3087 1666 3174 peditem
1710 3089 1922 3178 gravis
1966 3086 2191 3150 attulit
2234 3085 2417 3163 alv03

540 3204 662 3266 Illa
699 3203 956 3268 chorum
1002 3207 1338 3284 simulans,
1382 3227 1644 3272 evantes
1683 3211 1865 3299 orgia
1906 3211 2145 3272 circum

545 3324 836 3389 Ducebat
877 3323 1229 3416 Phrygias3
1271 3325 1577 3391 flammam
1620 3303 1831 3393 media·
1866 3331 2004 3415 ipsa
2042 3326 2293 3392 tenebat

545 3445 912 3534 Ingentem,
957 3464 1019 3509 et
1057 3469 1294 3510 summa
1338 3452 1585 3510 Danaos
1625 3471 1707 3512 ex
1752 3471 1897 3512 arce
1938 3447 2251 3513 vocabat.

545 3566 704 3626 Tum
755 3587 886 3641 me,
929 3561 1292 3628 confectum
1337 3572 1510 3632 curis
1551 3591 1889 3656 somnoque
1927 3587 2297 3658 gravatum,

545 3679 786 3745 Infelix
831 3681 1062 3747 habuit
1111 3681 1462 3764 thalamus,
1501 3691 1864 3773 pressitque
1906 3691 2211 3750 iacentem

548 3801 779 3865 Dulcis
821 3819 884 3866 et
925 3802 1058 3867 alta
1095 3807 1308 3891 quies,
1355 3805 1776 3893 placidaeque
1816 3803 2142 3866 simillima
2182 3808 2398 3868 morti.

556 3923 844 4012 Egregia
886 3925 1128 3986 interea
1167 3928 1400 3988 coniux
1443 3948 1608 3988 arma
1650 3927 1858 3987 omnia
1905 3923 2095 3986 tectis

2533 3883 2636 3910 ..ss
