3400 5175
823 659 1282 717 Annnmos
1347 664 1789 723 L1n.v111.
1909 646 2069 725 383
2195 654 2286 727 ὃι

407 794 592 857 Arma
630 811 821 883 roge,
864 796 1162 883 genetrix
1205 813 1388 859 nato.
1429 801 1521 861 Te
1561 796 1693 863 filia
1734 803 1957 881 Nerei,

408 914 497 974 Te
537 914 750 997 potuit
794 912 1098 1000 lacrymis
1138 912 1444 979 Tithonia
1485 915 1739 983 flectere
1774 925 2042 985 coniux.

420 1030 735 1115 Adspice,
781 1033 900 1117 qui
943 1052 1168 1095 coeant
1214 1036 1470 1120 populi,
1511 1060 1676 1124 quae
1716 1045 1959 1105 moenia
2000 1041 2237 1105 clausis

409 1151 660 1211 ferrum
704 1168 936 1213 acuant
979 1154 1180 1236 portis
1223 1155 1288 1213 in
1330 1176 1422 1216 me
1460 1156 1919 1247 excidiumque
1960 1182 2264 1225 meorum.

411 1268 720 1343 Dixerat3
766 1284 830 1331 et
877 1270 1080 1331 niveis
1119 1267 1268 1333 hinc
1311 1290 1505 1359 atque
1544 1274 1695 1340 hinc
1740 1278 1887 1341 diva
1928 1278 2183 1343 lacertis

411 1390 832 1449 Cunctantem
873 1388 1166 1473 amplexu
1214 1392 1391 1455 molli
1435 1389 1647 1457 fovet.
1687 1395 1807 1459 Ille
1848 1416 2104 1483 repente

410 1508 676 1591 Accepit
721 1506 976 1567 solitam
1021 1504 1366 1587 flammam
1413 1531 1725 1603 notusque
1758 1513 2068 1578 medullas

409 1628 682 1691 Intravit
729 1624 940 1703 calor,
981 1644 1044 1687 et
1091 1625 1412 1693 labefacta
1458 1653 1572 1717 per
1613 1654 1749 1695 ossa
1788 1636 2107 1697 cucurrit.

407 1746 544 1809 Non
584 1766 772 1807 secus
809 1764 1006 1831 atque
1045 1746 1194 1809 olim
1224 1794 1241 1822 ,
1281 1752 1524 1812 tonitru
1568 1774 1762 1839 quum
1807 1770 1995 1839 rupta
2036 1775 2301 1843 corusco

407 1867 602 1953 Ignea
647 1866 804 1927 rima
845 1865 1078 1927 micans
1122 1872 1439 1951 percurrit
1485 1868 1725 1933 lumine
1765 1870 2039 1937 nimbos.
2374 1851 2377 1853 v

405 1986 610 2047 Sensit
653 1982 822 2045 laeta
864 1982 1028 2047 dolis
1063 2002 1126 2047 et
1171 1982 1405 2049 formae
1446 1992 1696 2053 conecia
1737 1993 2004 2055 coniux.

411 2106 566 2165 Tum
611 2120 793 2187 pater
834 2122 1094 2165 aeterno
1137 2101 1308 2167 fatur
1350 2104 1688 2172 devinctus
1731 2132 1977 2175 amore:

406 2220 573 2302 Quid
618 2244 868 2285 caussas
909 2227 1075 2309 petis
1114 2246 1190 2286 ex
1236 2218 1410 2288 alto?
1451 2224 1684 2292 fiducia
1727 2234 1913 2295 cessit

408 2346 544 2421 Quo
583 2341 746 2419 tibi,
785 2340 972 2419 diva,
1012 2336 1178 2406 mei?
1217 2345 1454 2407 Similis
1495 2350 1549 2408 si
1587 2368 1739 2409 cura
1780 2344 2041 2427 fuisset3

410 2466 569 2526 Tum
609 2484 870 2551 quoque
909 2459 1004 2527 fas
1043 2462 1224 2527 nobis
1265 2466 1544 2527 Teucros
1585 2487 1825 2529 armare
1868 2464 2123 2531 fuisset:

411 2582 543 2646 Nec
579 2584 772 2648 Pater
809 2585 1206 2670 omnipotens
1243 2584 1530 2661 Troiam,
1571 2606 1686 2647 nec
1728 2582 1861 2647 fata
1901 2587 2210 2652 vetabant

415 2705 626 2780 Stare,
653 2703 1002 2792 decemque
1031 2703 1189 2766 alios
1218 2707 1537 2768 Priamum
1565 2726 1885 2792 superasse
1922 2728 2033 2792 per
2078 2729 2301 2770 annos.

409 2825 490 2884 Et
531 2847 740 2900 nunc,
778 2825 832 2886 si
871 2822 1112 2887 bellare
1149 2846 1370 2910 paras,
1402 2840 1599 2910 atque
1639 2818 1793 2885 haee
1823 2821 1945 2886 tibi
1974 2845 2139 2886 mens
2170 2843 2301 2903 θεῖς

411 2940 751 3030 Quidquid
791 2945 856 3004 in
903 2960 1038 3006 arte
1081 2965 1218 3006 mea
1257 2964 1502 3028 possum
1546 2943 1922 3028 promittere
1965 2965 2193 3022 curae,

408 3061 590 3142 Quod
631 3059 768 3126 fieri
805 3057 1005 3140 ferm,
1049 3060 1388 3152 liquidove
1429 3077 1640 3148 potest
1680 3058 1958 3139 electr0,

411 3185 734 3260 Quantum
779 3183 958 3270 ignes
999 3185 1376 3270 animaeque
1423 3182 1674 3259 valent3
1716 3180 1948 3245 absiste
1986 3183 2303 3268 precando

409 3299 676 3362 Viribus
714 3300 1087 3366 indubitare
1127 3303 1290 3364 tuis·
1331 3306 1420 3364 Ea
1459 3299 1655 3365 verba
1697 3301 2011 3389 loquutur

413 3421 682 3504 Optatos
719 3418 895 3486 dedit
944 3420 1308 3507 amplexus,
1351 3420 1805 3509 placidumque
1847 3424 2083 3508 petivit

412 3539 724 3629 Coniugis
765 3536 1014 3604 infusus
1053 3548 1294 3632 gremio
1336 3561 1448 3627 per
1489 3538 1765 3602 membra
1807 3561 2125 3626 soporem.

509 3657 706 3736 Inde,
744 3659 857 3725 nbi
895 3663 1098 3747 prima
1135 3664 1352 3748 quien,
1396 3657 1603 3722 medio
1643 3665 1765 3720 iam
1803 3661 2005 3720 noetis
2034 3655 2308 3721 abactae

413 3779 787 3855 Curriculo,
810 3779 1146 3865 expulerat
1171 3798 1489 3852 somnum3
1516 3799 1715 3864 quum
1744 3772 1973 3838 femina
2002 3777 2268 3861 primum
2289 3821 2309 3852 ,

411 3895 532 3957 Cui
573 3896 852 3960 tolerare
896 3895 1039 3961 colo
1078 3902 1280 3961 vitam
1327 3899 1634 3984 tenuique
1676 3895 1958 3956 minerva

410 4015 818 4100 Impositum,
855 4019 1128 4082 cinerem
1163 4033 1228 4080 et
1268 4017 1511 4104 sopitos
1543 4013 1815 4075 suscitat
1859 4013 2073 4148 igneq,
