3400 5175
1029 608 1189 707 264
1811 626 2255 681 011115.
2425 578 2590 709 413

1125 764 1319 823 Dicta
1362 758 1516 823 tibi:
1562 777 1764 822 tamen
1808 758 1997 836 haec,
2039 780 2099 821 et
2140 763 2191 823 si
2237 785 2358 823 non
2405 766 2677 847 accipis,
2717 764 2902 829 audi.

1125 885 1444 942 Vinctane
1489 898 1613 941 tam
1656 882 1866 969 magni
1915 877 2178 943 tranabo
2221 884 2498 969 gurgitis
2543 878 2782 945 undas?

1128 1002 1357 1062 Vincta
1400 1016 1496 1061 tot
1542 998 1836 1062 adsiduas
1879 998 2166 1084 pendebo
2205 1022 2284 1061 ex
2327 999 2549 1062 ordine
2592 998 2808 1064 luces?

1124 1120 1269 1181 Non
1306 1116 1599 1203 equidem
1646 1140 1737 1179 me
1777 1118 1904 1179 alio
1950 1140 2190 1201 possum
2237 1119 2618 1183 contendere
2659 1120 2914 1211 dignam

1124 1237 1490 1322 supplicio:
1534 1236 1705 1323 quod
1745 1241 1834 1299 sic
1877 1240 2148 1323 patriam
2193 1259 2496 1326 carosque
2541 1262 2794 1325 penates

1122 1354 1427 1421 Hostibus
1470 1358 1830 1440 immitique
1870 1355 2092 1417 addixi
2133 1359 2355 1445 ignara
2399 1375 2702 1444 tyranno.

1072 1534 1077 1541 .
1120 1480 1349 1537 Verum
1394 1492 1555 1538 esto:
1601 1472 1800 1549 haec,
1846 1477 2084 1550 Minos,
2127 1476 2272 1537 illos
2311 1477 2620 1539 scelerata
2663 1482 2921 1562 putavi,

1121 1596 1187 1655 Si
1234 1612 1445 1657 nostra
1486 1611 1629 1655 ante
1672 1593 1910 1679 aliquis
1950 1591 2241 1656 nudasset
2281 1590 2536 1657 foedera
2573 1616 2790 1673 casus,

1121 1717 1461 1787 Facturus,
1502 1734 1770 1799 quorum
1815 1710 2082 1796 direptis
2120 1710 2446 1775 moenibus
2489 1708 2698 1786 urbis,

1118 1836 1171 1893 O
1214 1854 1333 1921 ego
1372 1827 1681 1894 crudelis!
1726 1829 1970 1893 flamma
2009 1828 2272 1893 delubra
2315 1831 2560 1915 petivi:

1122 1950 1212 2009 Te
1252 1970 1399 2009 vero
1440 1950 1718 2023 victore,
1757 1952 1932 2033 prius
1973 1949 2076 2011 vel
2117 1949 2322 2012 sidera
2362 1971 2582 2011 cursus

1120 2070 1453 2129 Mutatura
1492 2090 1661 2143 euos,
1704 2089 1890 2154 quam
1933 2086 1993 2130 te
2029 2065 2184 2129 mihi
2227 2066 2382 2129 talia
2423 2084 2652 2151 captae

1117 2190 1457 2248 Facturum
1501 2189 1734 2263 metui;
1779 2208 2157 2273 quamquam
2200 2187 2436 2249 scelera
2476 2188 2687 2248 omnia
2725 2188 2891 2249 vici.

1120 2300 1275 2367 Ten’
1302 2325 1422 2393 ego
1458 2304 1602 2389 plus
1645 2310 1851 2389 patrio
1891 2304 2093 2369 dilexi
2135 2306 2384 2393 perdita
2427 2298 2658 2395 reguo?

1116 2420 1271 2485 Ten’
1310 2418 1476 2513 ego?
1520 2446 1631 2487 nec
1680 2429 1938 2503 mirum,
1969 2427 2156 2489 vultu
2199 2426 2464 2511 decepta
2511 2424 2749 2510 puella,

1119 2546 1203 2606 Vt
1245 2540 1413 2608 vidi!
1454 2564 1523 2608 ut
1566 2542 1756 2632 perii!
1805 2565 1873 2610 ut
1919 2570 2012 2610 me
2057 2546 2252 2610 malus
2291 2544 2558 2610 abstulit
2599 2536 2799 2607 error!

1114 2665 1256 2726 Non
1292 2665 1583 2752 equidem
1624 2689 1704 2728 ex
1747 2670 1869 2728 isto
1909 2670 2160 2754 speravi
2199 2685 2462 2750 corpore
2503 2685 2678 2749 posse

1113 2783 1271 2846 Tale
1313 2784 1536 2848 malum
1580 2789 1788 2850 nasci:
1833 2784 2068 2862 forma,
2105 2785 2208 2848 vel
2245 2783 2451 2846 sidere
2493 2777 2715 2844 fallor.

1115 2905 1255 2965 Non
1302 2926 1393 2967 me
1436 2903 1689 2967 deliciis
1732 2908 2066 2968 commovit
2109 2907 2284 2994 regia
2323 2903 2500 2965 dives

1114 3021 1366 3083 Coralio
1410 3020 1625 3111 fragili
1670 3043 1865 3111 atque
1908 3025 2145 3088 electro
2186 3021 2611 3108 lacrym0303'

1118 3142 1261 3202 Non
1303 3161 1395 3202 me
1436 3139 1727 3204 florentes
1769 3145 2022 3229 aequali
2065 3162 2326 3226 corpore
2369 3134 2716 3226 nymphae3

1096 3260 1253 3356 ‘No-n
1299 3280 1500 3323 metus
1539 3265 1848 3324 iucensam
1895 3265 2104 3348 potuit
2147 3263 2420 3324 retinere
2457 3256 2750 3319 deorum.

1112 3381 1335 3440 Omnia
1376 3381 1533 3442 vicit
1580 3387 1794 3444 Amor:
1838 3381 1996 3470 quid
2037 3386 2200 3444 enim
2243 3367 2364 3443 nen
2409 3379 2688 3440 vinceret
2729 3367 2886 3437 ille?

1110 3499 1251 3558 Non
1296 3496 1449 3560 mihi
1494 3503 1615 3561 iam
1653 3503 1877 3589 pingui
1915 3499 2254 3564 stillabunt
2299 3516 2582 3582 tempora
2617 3491 2909 3584 myrrha,

1114 3601 1409 3680 Pro‘nuba
1448 3639 1557 3682 nec
1596 3637 1801 3682 castos
1837 3619 2137 3684 accendet
2179 3622 2366 3706 pinus
2399 3617 2652 3692 odores,

1112 3737 1246 3797 Nec
1290 3735 1482 3824 Libys
1522 3741 1780 3826 Assyrio
1815 3733 2132 3803 sternetur
2171 3738 2452 3802 lectulus
2491 3754 2695 3814 ostr03

1106 3857 1343 3943 Magna
1358 3877 1620 3943 queror;
1644 3879 1752 3920 nec
1775 3881 1866 3920 me
1891 3858 2270 3948 illaq'uidem
2291 3857 2636 3922 communis
2658 3854 2974 3918 alumnam

1109 3973 1409 4039 Omnibus
1451 3978 1689 4042 iniecta
1729 3975 1923 4042 tellus
1961 3977 2304 4044 tumulabit
2347 3997 2568 4041 arena.
