<?xml version="1.0" encoding="UTF-8"?>
<!DOCTYPE html PUBLIC "-//W3C//DTD XHTML 1.0 Transitional//EN"
    "http://www.w3.org/TR/xhtml1/DTD/xhtml1-transitional.dtd">
<html xmlns="http://www.w3.org/1999/xhtml" xml:lang="en" lang="en">
 <head>
  <title>
</title>
<meta http-equiv="Content-Type" content="text/html;charset=utf-8" />
  <meta name='ocr-system' content='tesseract 3.04.00' />
  <meta name='ocr-capabilities' content='ocr_page ocr_carea ocr_par ocr_line ocrx_word'/>
</head>
<body>
  <div class='ocr_page' id='page_1' title='image "./pvirgiliimaroni04unkngoog/pvirgiliimaroni04unkngoog_0242.png"; bbox 0 0 3400 5175; ppageno 0'>
   <div class='ocr_carea' id='block_1_1' title="bbox 836 590 2702 678">
    <p class='ocr_par' dir='ltr' id='par_1_1' title="bbox 836 590 2702 678">
     <span class='ocr_line' id='line_1_1' title="bbox 836 590 2702 678; baseline 0.003 -5"><span class='ocrx_word' id='word_1_1' title='bbox 836 595 995 673; x_wconf 80' lang='lat'>236</span> <span class='ocrx_word' id='word_1_2' title='bbox 1470 619 2055 678; x_wconf 70' lang='lat' dir='ltr'>-oanx.</span> <span class='ocrx_word' id='word_1_3' title='bbox 2241 600 2392 678; x_wconf 85' lang='lat'>135</span> <span class='ocrx_word' id='word_1_4' title='bbox 2649 590 2702 629; x_wconf 70' lang='lat'><strong>⁴</strong></span> 
     </span>
    </p>
   </div>
   <div class='ocr_carea' id='block_1_2' title="bbox 924 749 2797 4062">
    <p class='ocr_par' dir='ltr' id='par_1_2' title="bbox 929 749 2366 839">
     <span class='ocr_line' id='line_1_2' title="bbox 929 749 2366 839; baseline 0.001 -24"><span class='ocrx_word' id='word_1_5' title='bbox 929 752 1084 815; x_wconf 88' lang='lat' dir='ltr'>Illas</span> <span class='ocrx_word' id='word_1_6' title='bbox 1124 749 1503 839; x_wconf 83' lang='lat' dir='ltr'>Triptolemi</span> <span class='ocrx_word' id='word_1_7' title='bbox 1550 757 1823 815; x_wconf 73' lang='lat' dir='ltr'>mutavit</span> <span class='ocrx_word' id='word_1_8' title='bbox 1865 752 2082 817; x_wconf 89' lang='lat' dir='ltr'>sulcus</span> <span class='ocrx_word' id='word_1_9' title='bbox 2123 756 2366 816; x_wconf 88' lang='lat' dir='ltr'>aristis.</span> 
     </span>
    </p>

    <p class='ocr_par' dir='ltr' id='par_1_3' title="bbox 928 870 2669 1917">
     <span class='ocr_line' id='line_1_3' title="bbox 932 870 2626 961; baseline 0.002 -28"><span class='ocrx_word' id='word_1_10' title='bbox 932 872 1090 947; x_wconf 74' lang='lat' dir='ltr'>me,</span> <span class='ocrx_word' id='word_1_11' title='bbox 1136 893 1429 961; x_wconf 84' lang='lat' dir='ltr'>magnum</span> <span class='ocrx_word' id='word_1_12' title='bbox 1470 877 1724 961; x_wconf 70' lang='lat' dir='ltr'>Argoae</span> <span class='ocrx_word' id='word_1_13' title='bbox 1767 876 1912 933; x_wconf 84' lang='lat' dir='ltr'>navi</span> <span class='ocrx_word' id='word_1_14' title='bbox 1955 870 2184 945; x_wconf 87' lang='lat' dir='ltr'>decus,</span> <span class='ocrx_word' id='word_1_15' title='bbox 2226 872 2401 935; x_wconf 85' lang='lat' dir='ltr'>edita</span> <span class='ocrx_word' id='word_1_16' title='bbox 2442 875 2626 959; x_wconf 80' lang='lat' dir='ltr'>pinus</span> 
     </span>
     <span class='ocr_line' id='line_1_4' title="bbox 930 988 2456 1077; baseline 0 -24"><span class='ocrx_word' id='word_1_17' title='bbox 930 994 1227 1054; x_wconf 89' lang='lat' dir='ltr'>Proceros</span> <span class='ocrx_word' id='word_1_18' title='bbox 1262 992 1520 1055; x_wconf 83' lang='lat' dir='ltr'>decorat</span> <span class='ocrx_word' id='word_1_19' title='bbox 1558 992 1755 1053; x_wconf 80' lang='lat' dir='ltr'>silvas</span> <span class='ocrx_word' id='word_1_20' title='bbox 1795 988 2044 1053; x_wconf 85' lang='lat' dir='ltr'>hirsuta</span> <span class='ocrx_word' id='word_1_21' title='bbox 2085 1012 2196 1077; x_wconf 90' lang='lat' dir='ltr'>per</span> <span class='ocrx_word' id='word_1_22' title='bbox 2237 1010 2456 1069; x_wconf 80' lang='lat' dir='ltr'>artus3</span> 
     </span>
     <span class='ocr_line' id='line_1_5' title="bbox 928 1106 2445 1199; baseline -0.001 -26"><span class='ocrx_word' id='word_1_23' title='bbox 928 1114 1195 1197; x_wconf 73' lang='lat' dir='ltr'>Appetit</span> <span class='ocrx_word' id='word_1_24' title='bbox 1238 1113 1423 1175; x_wconf 70' lang='lat' dir='ltr'>aeriis</span> <span class='ocrx_word' id='word_1_25' title='bbox 1463 1116 1832 1199; x_wconf 84' lang='lat' dir='ltr'>contingere</span> <span class='ocrx_word' id='word_1_26' title='bbox 1875 1106 2202 1173; x_wconf 80' lang='lat' dir='ltr'>frondibus</span> <span class='ocrx_word' id='word_1_27' title='bbox 2242 1127 2445 1173; x_wconf 86' lang='lat' dir='ltr'>astra.</span> 
     </span>
     <span class='ocr_line' id='line_1_6' title="bbox 930 1230 2576 1322; baseline -0.002 -27"><span class='ocrx_word' id='word_1_28' title='bbox 930 1232 1111 1295; x_wconf 90' lang='lat' dir='ltr'>Ilicis</span> <span class='ocrx_word' id='word_1_29' title='bbox 1152 1254 1215 1295; x_wconf 89' lang='lat' dir='ltr'>et</span> <span class='ocrx_word' id='word_1_30' title='bbox 1260 1235 1479 1322; x_wconf 82' lang='lat' dir='ltr'>nigrae</span> <span class='ocrx_word' id='word_1_31' title='bbox 1521 1236 1804 1317; x_wconf 85' lang='lat' dir='ltr'>species,</span> <span class='ocrx_word' id='word_1_32' title='bbox 1847 1252 1956 1293; x_wconf 91' lang='lat' dir='ltr'>nec</span> <span class='ocrx_word' id='word_1_33' title='bbox 1996 1230 2168 1292; x_wconf 85' lang='lat' dir='ltr'>laeta</span> <span class='ocrx_word' id='word_1_34' title='bbox 2205 1251 2576 1316; x_wconf 70' lang='lat' dir='ltr'>cupressus,</span> 
     </span>
     <span class='ocr_line' id='line_1_7' title="bbox 930 1347 2669 1440; baseline -0.003 -28"><span class='ocrx_word' id='word_1_35' title='bbox 930 1348 1398 1440; x_wconf 80' lang='lat' dir='ltr'>Vmbrosaeque</span> <span class='ocrx_word' id='word_1_36' title='bbox 1442 1370 1661 1438; x_wconf 88' lang='lat' dir='ltr'>patent</span> <span class='ocrx_word' id='word_1_37' title='bbox 1707 1348 1922 1438; x_wconf 84' lang='lat' dir='ltr'>fagus,</span> <span class='ocrx_word' id='word_1_38' title='bbox 1966 1347 2359 1435; x_wconf 88' lang='lat' dir='ltr'>hederaeqne</span> <span class='ocrx_word' id='word_1_39' title='bbox 2397 1347 2669 1437; x_wconf 77' lang='lat' dir='ltr'><strong>ligantes</strong></span> 
     </span>
     <span class='ocr_line' id='line_1_8' title="bbox 932 1466 2560 1558; baseline -0.001 -27"><span class='ocrx_word' id='word_1_40' title='bbox 932 1468 1231 1547; x_wconf 79' lang='lat' dir='ltr'>Brachia,</span> <span class='ocrx_word' id='word_1_41' title='bbox 1268 1466 1578 1535; x_wconf 86' lang='lat' dir='ltr'>fraternos</span> <span class='ocrx_word' id='word_1_42' title='bbox 1624 1470 1887 1558; x_wconf 85' lang='lat' dir='ltr'>plangat</span> <span class='ocrx_word' id='word_1_43' title='bbox 1935 1491 2011 1531; x_wconf 89' lang='lat' dir='ltr'>ne</span> <span class='ocrx_word' id='word_1_44' title='bbox 2047 1469 2318 1554; x_wconf 88' lang='lat' dir='ltr'>populus</span> <span class='ocrx_word' id='word_1_45' title='bbox 2359 1469 2560 1529; x_wconf 87' lang='lat' dir='ltr'>ictus.</span> 
     </span>
     <span class='ocr_line' id='line_1_9' title="bbox 928 1586 2546 1675; baseline 0 -26"><span class='ocrx_word' id='word_1_46' title='bbox 928 1590 1113 1675; x_wconf 85' lang='lat' dir='ltr'>Ipsae</span> <span class='ocrx_word' id='word_1_47' title='bbox 1156 1586 1505 1653; x_wconf 89' lang='lat' dir='ltr'>succedunt</span> <span class='ocrx_word' id='word_1_48' title='bbox 1547 1586 1627 1653; x_wconf 85' lang='lat' dir='ltr'>ad</span> <span class='ocrx_word' id='word_1_49' title='bbox 1666 1610 1900 1652; x_wconf 88' lang='lat' dir='ltr'>summa</span> <span class='ocrx_word' id='word_1_50' title='bbox 1939 1590 2268 1651; x_wconf 86' lang='lat' dir='ltr'>cacumina</span> <span class='ocrx_word' id='word_1_51' title='bbox 2309 1586 2546 1663; x_wconf 81' lang='lat' dir='ltr'>lentae,</span> 
     </span>
     <span class='ocr_line' id='line_1_10' title="bbox 929 1705 2583 1798; baseline -0.002 -29"><span class='ocrx_word' id='word_1_52' title='bbox 929 1710 1335 1798; x_wconf 86' lang='lat' dir='ltr'>Pinguntque</span> <span class='ocrx_word' id='word_1_53' title='bbox 1373 1708 1663 1772; x_wconf 89' lang='lat' dir='ltr'>aureolos</span> <span class='ocrx_word' id='word_1_54' title='bbox 1704 1706 1896 1771; x_wconf 79' lang='lat' dir='ltr'>viridi</span> <span class='ocrx_word' id='word_1_55' title='bbox 1937 1706 2174 1793; x_wconf 86' lang='lat' dir='ltr'>pallore</span> <span class='ocrx_word' id='word_1_56' title='bbox 2213 1705 2583 1793; x_wconf 80' lang='lat' dir='ltr'>corymbos:</span> 
     </span>
     <span class='ocr_line' id='line_1_11' title="bbox 928 1822 2508 1917; baseline -0.003 -29"><span class='ocrx_word' id='word_1_57' title='bbox 928 1830 1085 1907; x_wconf 83' lang='lat' dir='ltr'>Quis</span> <span class='ocrx_word' id='word_1_58' title='bbox 1127 1826 1345 1891; x_wconf 85' lang='lat' dir='ltr'>aderat</span> <span class='ocrx_word' id='word_1_59' title='bbox 1383 1832 1617 1891; x_wconf 85' lang='lat' dir='ltr'>veteris</span> <span class='ocrx_word' id='word_1_60' title='bbox 1657 1847 1898 1917; x_wconf 82' lang='lat' dir='ltr'>myrtus</span> <span class='ocrx_word' id='word_1_61' title='bbox 1937 1849 2060 1889; x_wconf 89' lang='lat' dir='ltr'>non</span> <span class='ocrx_word' id='word_1_62' title='bbox 2101 1828 2310 1887; x_wconf 89' lang='lat' dir='ltr'>nescia</span> <span class='ocrx_word' id='word_1_63' title='bbox 2351 1822 2508 1885; x_wconf 88' lang='lat' dir='ltr'>fati.</span> 
     </span>
    </p>

    <p class='ocr_par' dir='ltr' id='par_1_4' title="bbox 926 1943 2738 2870">
     <span class='ocr_line' id='line_1_12' title="bbox 930 1943 2508 2033; baseline -0.003 -26"><span class='ocrx_word' id='word_1_64' title='bbox 930 1949 1014 2008; x_wconf 74' lang='lat' dir='ltr'>At</span> <span class='ocrx_word' id='word_1_65' title='bbox 1059 1946 1347 2010; x_wconf 80' lang='lat' dir='ltr'>volucres</span> <span class='ocrx_word' id='word_1_66' title='bbox 1390 1946 1631 2033; x_wconf 88' lang='lat' dir='ltr'>patulis</span> <span class='ocrx_word' id='word_1_67' title='bbox 1674 1948 2020 2011; x_wconf 79' lang='lat' dir='ltr'>residentes</span> <span class='ocrx_word' id='word_1_68' title='bbox 2059 1943 2273 2007; x_wconf 90' lang='lat' dir='ltr'>dulcia</span> <span class='ocrx_word' id='word_1_69' title='bbox 2318 1945 2508 2005; x_wconf 84' lang='lat' dir='ltr'>ramis</span> 
     </span>
     <span class='ocr_line' id='line_1_13' title="bbox 926 2065 2551 2152; baseline -0.003 -26"><span class='ocrx_word' id='word_1_70' title='bbox 926 2065 1219 2129; x_wconf 81' lang='lat' dir='ltr'>Carmina</span> <span class='ocrx_word' id='word_1_71' title='bbox 1261 2088 1373 2152; x_wconf 88' lang='lat' dir='ltr'>per</span> <span class='ocrx_word' id='word_1_72' title='bbox 1413 2070 1623 2129; x_wconf 81' lang='lat' dir='ltr'>varios</span> <span class='ocrx_word' id='word_1_73' title='bbox 1663 2068 1862 2131; x_wconf 91' lang='lat' dir='ltr'>edunt</span> <span class='ocrx_word' id='word_1_74' title='bbox 1905 2066 2260 2129; x_wconf 85' lang='lat' dir='ltr'>resonantia</span> <span class='ocrx_word' id='word_1_75' title='bbox 2299 2082 2551 2125; x_wconf 88' lang='lat' dir='ltr'>cantus.</span> 
     </span>
     <span class='ocr_line' id='line_1_14' title="bbox 929 2178 2554 2277; baseline -0.001 -32"><span class='ocrx_word' id='word_1_76' title='bbox 929 2186 1044 2247; x_wconf 83' lang='lat' dir='ltr'>His</span> <span class='ocrx_word' id='word_1_77' title='bbox 1084 2182 1340 2249; x_wconf 84' lang='lat' dir='ltr'>suberat</span> <span class='ocrx_word' id='word_1_78' title='bbox 1380 2184 1613 2277; x_wconf 85' lang='lat' dir='ltr'>gelidis</span> <span class='ocrx_word' id='word_1_79' title='bbox 1657 2208 1914 2250; x_wconf 88' lang='lat' dir='ltr'>manans</span> <span class='ocrx_word' id='word_1_80' title='bbox 1953 2206 1988 2248; x_wconf 90' lang='lat' dir='ltr'>e</span> <span class='ocrx_word' id='word_1_81' title='bbox 2029 2180 2310 2249; x_wconf 87' lang='lat' dir='ltr'>fontibus</span> <span class='ocrx_word' id='word_1_82' title='bbox 2355 2178 2554 2255; x_wconf 88' lang='lat' dir='ltr'>unda,</span> 
     </span>
     <span class='ocr_line' id='line_1_15' title="bbox 930 2299 2738 2393; baseline -0.003 -29"><span class='ocrx_word' id='word_1_83' title='bbox 930 2306 1106 2383; x_wconf 82' lang='lat' dir='ltr'>Quae</span> <span class='ocrx_word' id='word_1_84' title='bbox 1142 2302 1391 2369; x_wconf 80' lang='lat' dir='ltr'>levibus</span> <span class='ocrx_word' id='word_1_85' title='bbox 1432 2304 1754 2393; x_wconf 87' lang='lat' dir='ltr'>placidum</span> <span class='ocrx_word' id='word_1_86' title='bbox 1798 2309 1950 2369; x_wconf 79' lang='lat' dir='ltr'>rivis</span> <span class='ocrx_word' id='word_1_87' title='bbox 1985 2320 2162 2367; x_wconf 85' lang='lat' dir='ltr'>sonat</span> <span class='ocrx_word' id='word_1_88' title='bbox 2205 2318 2346 2363; x_wconf 88' lang='lat' dir='ltr'>acta</span> <span class='ocrx_word' id='word_1_89' title='bbox 2389 2299 2738 2385; x_wconf 86' lang='lat' dir='ltr'>liquorem;</span> 
     </span>
     <span class='ocr_line' id='line_1_16' title="bbox 929 2420 2635 2514; baseline -0.003 -31"><span class='ocrx_word' id='word_1_90' title='bbox 929 2424 1011 2483; x_wconf 86' lang='lat' dir='ltr'>Et</span> <span class='ocrx_word' id='word_1_91' title='bbox 1049 2424 1289 2485; x_wconf 87' lang='lat' dir='ltr'>circum</span> <span class='ocrx_word' id='word_1_92' title='bbox 1331 2429 1610 2514; x_wconf 85' lang='lat' dir='ltr'>geminas</span> <span class='ocrx_word' id='word_1_93' title='bbox 1646 2429 1859 2489; x_wconf 84' lang='lat' dir='ltr'>avium</span> <span class='ocrx_word' id='word_1_94' title='bbox 1903 2445 2028 2487; x_wconf 74' lang='lat' dir='ltr'>vox</span> <span class='ocrx_word' id='word_1_95' title='bbox 2069 2420 2382 2504; x_wconf 83' lang='lat' dir='ltr'>obstrepit</span> <span class='ocrx_word' id='word_1_96' title='bbox 2421 2439 2635 2481; x_wconf 85' lang='lat' dir='ltr'>aures.</span> 
     </span>
     <span class='ocr_line' id='line_1_17' title="bbox 928 2536 2642 2631; baseline -0.003 -27"><span class='ocrx_word' id='word_1_97' title='bbox 928 2543 1095 2606; x_wconf 81' lang='lat' dir='ltr'>Hinc</span> <span class='ocrx_word' id='word_1_98' title='bbox 1134 2542 1435 2631; x_wconf 81' lang='lat' dir='ltr'>querulas</span> <span class='ocrx_word' id='word_1_99' title='bbox 1476 2541 1758 2610; x_wconf 86' lang='lat' dir='ltr'>referunt</span> <span class='ocrx_word' id='word_1_100' title='bbox 1799 2566 2017 2620; x_wconf 80' lang='lat' dir='ltr'>voces,</span> <span class='ocrx_word' id='word_1_101' title='bbox 2055 2542 2201 2630; x_wconf 80' lang='lat' dir='ltr'>quis</span> <span class='ocrx_word' id='word_1_102' title='bbox 2241 2540 2455 2604; x_wconf 84' lang='lat' dir='ltr'>nantia</span> <span class='ocrx_word' id='word_1_103' title='bbox 2491 2536 2642 2600; x_wconf 89' lang='lat' dir='ltr'>limo</span> 
     </span>
     <span class='ocr_line' id='line_1_18' title="bbox 928 2655 2642 2753; baseline -0.001 -32"><span class='ocrx_word' id='word_1_104' title='bbox 928 2661 1207 2749; x_wconf 86' lang='lat' dir='ltr'>Corpora</span> <span class='ocrx_word' id='word_1_105' title='bbox 1245 2662 1512 2753; x_wconf 81' lang='lat' dir='ltr'>lympha</span> <span class='ocrx_word' id='word_1_106' title='bbox 1552 2662 1760 2730; x_wconf 87' lang='lat' dir='ltr'>fovet:</span> <span class='ocrx_word' id='word_1_107' title='bbox 1801 2667 2044 2729; x_wconf 88' lang='lat' dir='ltr'>sonitus</span> <span class='ocrx_word' id='word_1_108' title='bbox 2085 2662 2202 2725; x_wconf 87' lang='lat' dir='ltr'>alit</span> <span class='ocrx_word' id='word_1_109' title='bbox 2243 2663 2408 2723; x_wconf 72' lang='lat' dir='ltr'>aeris</span> <span class='ocrx_word' id='word_1_110' title='bbox 2449 2655 2642 2734; x_wconf 88' lang='lat' dir='ltr'>echo,</span> 
     </span>
     <span class='ocr_line' id='line_1_19' title="bbox 932 2777 2487 2870; baseline -0.002 -30"><span class='ocrx_word' id='word_1_111' title='bbox 932 2783 1197 2870; x_wconf 78' lang='lat' dir='ltr'>Argutis</span> <span class='ocrx_word' id='word_1_112' title='bbox 1236 2799 1301 2846; x_wconf 84' lang='lat' dir='ltr'>et</span> <span class='ocrx_word' id='word_1_113' title='bbox 1342 2805 1569 2848; x_wconf 86' lang='lat' dir='ltr'>cuncta</span> <span class='ocrx_word' id='word_1_114' title='bbox 1610 2781 1884 2848; x_wconf 84' lang='lat' dir='ltr'>fremunt</span> <span class='ocrx_word' id='word_1_115' title='bbox 1926 2781 2184 2846; x_wconf 85' lang='lat' dir='ltr'>arbusta</span> <span class='ocrx_word' id='word_1_116' title='bbox 2220 2777 2487 2842; x_wconf 84' lang='lat' dir='ltr'>cicadis.</span> 
     </span>
    </p>

    <p class='ocr_par' dir='ltr' id='par_1_5' title="bbox 928 2897 2490 3224">
     <span class='ocr_line' id='line_1_20' title="bbox 931 2897 2374 2990; baseline -0.001 -31"><span class='ocrx_word' id='word_1_117' title='bbox 931 2901 1016 2959; x_wconf 74' lang='lat' dir='ltr'>At</span> <span class='ocrx_word' id='word_1_118' title='bbox 1056 2901 1227 2964; x_wconf 86' lang='lat' dir='ltr'>circa</span> <span class='ocrx_word' id='word_1_119' title='bbox 1272 2898 1470 2966; x_wconf 84' lang='lat' dir='ltr'>fessae</span> <span class='ocrx_word' id='word_1_120' title='bbox 1509 2907 1736 2990; x_wconf 87' lang='lat' dir='ltr'>passim</span> <span class='ocrx_word' id='word_1_121' title='bbox 1775 2902 2054 2967; x_wconf 86' lang='lat' dir='ltr'>cubuere</span> <span class='ocrx_word' id='word_1_122' title='bbox 2091 2897 2374 2984; x_wconf 87' lang='lat' dir='ltr'>capellae</span> 
     </span>
     <span class='ocr_line' id='line_1_21' title="bbox 928 3012 2490 3109; baseline -0.001 -31"><span class='ocrx_word' id='word_1_123' title='bbox 928 3017 1211 3082; x_wconf 78' lang='lat' dir='ltr'>Excelsis</span> <span class='ocrx_word' id='word_1_124' title='bbox 1246 3017 1465 3084; x_wconf 90' lang='lat' dir='ltr'>subter</span> <span class='ocrx_word' id='word_1_125' title='bbox 1504 3021 1746 3099; x_wconf 89' lang='lat' dir='ltr'>dumis,</span> <span class='ocrx_word' id='word_1_126' title='bbox 1785 3043 1946 3109; x_wconf 86' lang='lat' dir='ltr'>quos</span> <span class='ocrx_word' id='word_1_127' title='bbox 1983 3021 2215 3083; x_wconf 88' lang='lat' dir='ltr'>leniter</span> <span class='ocrx_word' id='word_1_128' title='bbox 2251 3012 2490 3080; x_wconf 84' lang='lat' dir='ltr'>adflans</span> 
     </span>
     <span class='ocr_line' id='line_1_22' title="bbox 931 3137 2434 3224; baseline -0.001 -27"><span class='ocrx_word' id='word_1_129' title='bbox 931 3138 1099 3198; x_wconf 77' lang='lat' dir='ltr'>Aura</span> <span class='ocrx_word' id='word_1_130' title='bbox 1138 3144 1521 3202; x_wconf 85' lang='lat' dir='ltr'>susurrantis</span> <span class='ocrx_word' id='word_1_131' title='bbox 1559 3144 1753 3224; x_wconf 88' lang='lat' dir='ltr'>possit</span> <span class='ocrx_word' id='word_1_132' title='bbox 1795 3138 2183 3206; x_wconf 86' lang='lat' dir='ltr'>confundere</span> <span class='ocrx_word' id='word_1_133' title='bbox 2221 3137 2434 3199; x_wconf 86' lang='lat' dir='ltr'>venti.</span> 
     </span>
    </p>

    <p class='ocr_par' dir='ltr' id='par_1_6' title="bbox 927 3247 2797 3706">
     <span class='ocr_line' id='line_1_23' title="bbox 1026 3247 2797 3346; baseline -0.003 -29"><span class='ocrx_word' id='word_1_134' title='bbox 1026 3259 1281 3333; x_wconf 87' lang='lat' dir='ltr'>Pastor,</span> <span class='ocrx_word' id='word_1_135' title='bbox 1322 3273 1393 3319; x_wconf 90' lang='lat' dir='ltr'>ut</span> <span class='ocrx_word' id='word_1_136' title='bbox 1432 3257 1511 3322; x_wconf 90' lang='lat' dir='ltr'>ad</span> <span class='ocrx_word' id='word_1_137' title='bbox 1552 3255 1792 3322; x_wconf 86' lang='lat' dir='ltr'>fontem</span> <span class='ocrx_word' id='word_1_138' title='bbox 1833 3260 2021 3324; x_wconf 84' lang='lat' dir='ltr'>densa</span> <span class='ocrx_word' id='word_1_139' title='bbox 2064 3258 2386 3346; x_wconf 87' lang='lat' dir='ltr'>requievit</span> <span class='ocrx_word' id='word_1_140' title='bbox 2429 3255 2496 3316; x_wconf 89' lang='lat' dir='ltr'>in</span> <span class='ocrx_word' id='word_1_141' title='bbox 2535 3247 2797 3325; x_wconf 88' lang='lat' dir='ltr'>umbra,</span> 
     </span>
     <span class='ocr_line' id='line_1_24' title="bbox 928 3376 2518 3466; baseline -0.003 -26"><span class='ocrx_word' id='word_1_142' title='bbox 928 3380 1151 3440; x_wconf 88' lang='lat' dir='ltr'>Mitem</span> <span class='ocrx_word' id='word_1_143' title='bbox 1194 3383 1483 3466; x_wconf 87' lang='lat' dir='ltr'>concepit</span> <span class='ocrx_word' id='word_1_144' title='bbox 1524 3384 1848 3466; x_wconf 86' lang='lat' dir='ltr'>proiectus</span> <span class='ocrx_word' id='word_1_145' title='bbox 1891 3376 2162 3444; x_wconf 85' lang='lat' dir='ltr'>membra</span> <span class='ocrx_word' id='word_1_146' title='bbox 2199 3395 2518 3460; x_wconf 86' lang='lat' dir='ltr'>soporem,</span> 
     </span>
     <span class='ocr_line' id='line_1_25' title="bbox 928 3489 2504 3576; baseline -0.004 -17"><span class='ocrx_word' id='word_1_147' title='bbox 928 3501 1177 3561; x_wconf 84' lang='lat' dir='ltr'>Anxius</span> <span class='ocrx_word' id='word_1_148' title='bbox 1217 3497 1465 3563; x_wconf 85' lang='lat' dir='ltr'>insidiis</span> <span class='ocrx_word' id='word_1_149' title='bbox 1505 3500 1738 3576; x_wconf 84' lang='lat' dir='ltr'>nullis;</span> <span class='ocrx_word' id='word_1_150' title='bbox 1775 3499 1885 3564; x_wconf 91' lang='lat' dir='ltr'>sed</span> <span class='ocrx_word' id='word_1_151' title='bbox 1926 3499 2137 3562; x_wconf 90' lang='lat' dir='ltr'>lentus</span> <span class='ocrx_word' id='word_1_152' title='bbox 2177 3498 2240 3558; x_wconf 90' lang='lat' dir='ltr'>in</span> <span class='ocrx_word' id='word_1_153' title='bbox 2291 3489 2504 3556; x_wconf 84' lang='lat' dir='ltr'>herbis</span> 
     </span>
     <span class='ocr_line' id='line_1_26' title="bbox 927 3617 2388 3706; baseline -0.004 -26"><span class='ocrx_word' id='word_1_154' title='bbox 927 3623 1160 3682; x_wconf 88' lang='lat' dir='ltr'>Securo</span> <span class='ocrx_word' id='word_1_155' title='bbox 1198 3641 1437 3706; x_wconf 80' lang='lat' dir='ltr'>pressos</span> <span class='ocrx_word' id='word_1_156' title='bbox 1474 3642 1688 3684; x_wconf 86' lang='lat' dir='ltr'>somno</span> <span class='ocrx_word' id='word_1_157' title='bbox 1732 3617 2136 3683; x_wconf 80' lang='lat' dir='ltr'>mandaverat</span> <span class='ocrx_word' id='word_1_158' title='bbox 2174 3629 2388 3688; x_wconf 86' lang='lat' dir='ltr'>artus;</span> 
     </span>
    </p>

    <p class='ocr_par' dir='ltr' id='par_1_7' title="bbox 924 3733 2732 4062">
     <span class='ocr_line' id='line_1_27' title="bbox 930 3733 2603 3824; baseline -0.007 -23"><span class='ocrx_word' id='word_1_159' title='bbox 930 3743 1181 3802; x_wconf 82' lang='lat' dir='ltr'>Stratus</span> <span class='ocrx_word' id='word_1_160' title='bbox 1218 3735 1394 3803; x_wconf 89' lang='lat' dir='ltr'>humi</span> <span class='ocrx_word' id='word_1_161' title='bbox 1434 3739 1683 3806; x_wconf 86' lang='lat' dir='ltr'>dulcem</span> <span class='ocrx_word' id='word_1_162' title='bbox 1727 3737 2022 3824; x_wconf 88' lang='lat' dir='ltr'>capiebat</span> <span class='ocrx_word' id='word_1_163' title='bbox 2061 3734 2250 3800; x_wconf 89' lang='lat' dir='ltr'>corde</span> <span class='ocrx_word' id='word_1_164' title='bbox 2289 3733 2603 3818; x_wconf 87' lang='lat' dir='ltr'>quietem:</span> 
     </span>
     <span class='ocr_line' id='line_1_28' title="bbox 928 3855 2370 3924; baseline -0.006 -4"><span class='ocrx_word' id='word_1_165' title='bbox 928 3861 1013 3922; x_wconf 89' lang='lat' dir='ltr'>Ni</span> <span class='ocrx_word' id='word_1_166' title='bbox 1058 3863 1209 3922; x_wconf 81' lang='lat' dir='ltr'>Fors</span> <span class='ocrx_word' id='word_1_167' title='bbox 1250 3861 1525 3924; x_wconf 88' lang='lat' dir='ltr'>incertos</span> <span class='ocrx_word' id='word_1_168' title='bbox 1561 3861 1845 3923; x_wconf 84' lang='lat' dir='ltr'>iussisset</span> <span class='ocrx_word' id='word_1_169' title='bbox 1884 3855 2116 3919; x_wconf 89' lang='lat' dir='ltr'>ducere</span> <span class='ocrx_word' id='word_1_170' title='bbox 2155 3873 2370 3916; x_wconf 87' lang='lat' dir='ltr'>casus.</span> 
     </span>
     <span class='ocr_line' id='line_1_29' title="bbox 924 3966 2732 4062; baseline -0.006 -22"><span class='ocrx_word' id='word_1_171' title='bbox 924 3981 1132 4060; x_wconf 78' lang='lat' dir='ltr'>Quum</span> <span class='ocrx_word' id='word_1_172' title='bbox 1168 3977 1427 4044; x_wconf 84' lang='lat' dir='ltr'>solitum</span> <span class='ocrx_word' id='word_1_173' title='bbox 1470 3979 1733 4046; x_wconf 75' lang='lat' dir='ltr'>volvens</span> <span class='ocrx_word' id='word_1_174' title='bbox 1769 3977 1845 4042; x_wconf 92' lang='lat' dir='ltr'>ad</span> <span class='ocrx_word' id='word_1_175' title='bbox 1891 3995 2138 4062; x_wconf 88' lang='lat' dir='ltr'>tempus</span> <span class='ocrx_word' id='word_1_176' title='bbox 2179 3967 2495 4037; x_wconf 86' lang='lat' dir='ltr'>tractibus</span> <span class='ocrx_word' id='word_1_177' title='bbox 2533 3966 2732 4033; x_wconf 77' lang='lat' dir='ltr'>isdem</span> 
     </span>
    </p>
   </div>
  </div>
 </body>
</html>
