3400 5175
917 716 1375 773 Aznnlnos
1448 718 1621 771 mn.
1684 717 1773 771 x.
1926 696 2088 798 887
2241 694 2394 799 157

504 852 793 928 Vellere,
836 869 899 913 et
946 869 1213 941 urgetur
1253 872 1467 940 pugna
1504 872 1878 942 congressus
1916 854 2176 939 iniqua;

500 972 715 1035 Multa
757 992 1013 1033 movens
1056 974 1295 1047 anim0,
1338 972 1463 1031 iam
1508 970 1759 1033 tandem
1793 974 2104 1057 erumpit,
2133 988 2194 1034 et
2225 973 2392 1037 inter

502 1090 834 1155 Bellatoris
868 1093 1022 1177 equi
1062 1112 1221 1154 cava
1262 1107 1545 1174 tempora
1582 1093 1850 1153 coniicit
1891 1088 2171 1153 hastam.

507 1208 705 1271 Tollit
746 1230 812 1272 se
854 1182 1185 1272 adrectum
1226 1206 1629 1295 quadrupes,
1670 1226 1734 1270 et
1776 1206 2069 1273 calcibus
2109 1230 2296 1271 auras

470 1324 839 1406 ,verberam
880 1323 1283 1416 effuaeumque
1322 1331 1605 1416 equitem
1644 1349 1833 1414 super
1873 1332 2010 1415 ipse
2045 1346 2356 1415 sequutus

508 1444 841 1531 Implicat‚
882 1450 1218 1533 eiectoque
1256 1445 1570 1511 incumbit
1608 1468 1880 1531 cernuus
1919 1468 2125 1509 armo.

504 1564 789 1628 Clamore
829 1566 1135 1629 incedunt
1176 1565 1427 1629 caelum
1469 1566 1796 1652 Troesque
1839 1566 2212 1651 Latinique.

501 1681 773 1749 Advolat
816 1686 1093 1763 Aeneas,
1135 1686 1501 1774 vaginaque
1540 1684 1736 1771 eripit
1771 1704 2012 1759 ensem,

504 1802 579 1862 Et
618 1823 809 1889 super
847 1799 1035 1867 haec:
1084 1801 1209 1868 vbi
1249 1825 1415 1867 nunc
1456 1805 1816 1893 Mezentius
1858 1823 2042 1877 acer,
2086 1816 2150 1891 et
2195 1799 2316 1862 illa

502 1912 715 1981 Effera
758 1920 853 1982 vis
890 1914 1133 1984 animi?
1170 1925 1406 1986 Contra
1446 1920 1848 2012 Tyrrhenae,
1887 1935 1960 1984 ut
2001 1941 2184 1983 auras

502 2041 859 2123 suspiciens
898 2036 1111 2103 hausit
1154 2043 1435 2119 caelum,
1478 2060 1878 2130 mentemque
1915 2042 2195 2127 recepitt

508 2158 717 2219 Hostis
758 2178 1001 2235 amare,
1040 2159 1199 2246 quid
1239 2164 1621 2248 increpitas,
1653 2178 2050 2249 mortemque
2091 2152 2394 2222 minaris?

502 2275 761 2340 Nullum
806 2280 872 2340 in
914 2277 1108 2342 caede
1150 2277 1365 2344 nefas:
1410 2302 1521 2344 nec
1562 2284 1651 2347 sic
1696 2280 1772 2343 ad
1817 2278 2060 2367 proelia
2099 2282 2280 2356 veni,

504 2397 635 2459 Nec
679 2412 886 2459 tecum
929 2419 1103 2460 meus
1144 2395 1298 2463 haec
1337 2403 1591 2490 pepigit
1632 2396 1790 2462 mihi
1836 2395 2090 2462 foedera
2117 2402 2388 2461 Lausus.

502 2516 703 2578 Vnum
749 2512 902 2593 hoc,
928 2538 1071 2603 per,
1099 2520 1153 2580 ei
1182 2540 1311 2606 qua
1337 2538 1431 2583 est
1455 2522 1649 2583 victis
1672 2521 1858 2581 venia
1884 2515 2209 2594 hostibus,
2239 2536 2387 2597 oro;

504 2637 743 2721 Corpus
785 2632 974 2699 humo
1013 2641 1263 2724 patiare
1304 2643 1473 2730 tegi.
1516 2641 1661 2702 Scio
1704 2637 1934 2700 acerba
1977 2658 2252 2699 meorum

507 2755 929 2821 circumstare
964 2755 1144 2821 odia:
1188 2757 1389 2838 hunc,
1429 2781 1577 2838 oro,
1614 2753 1883 2822 defende
1929 2751 2248 2832 furorem3

504 2876 581 2935 Et
622 2895 719 2938 me
758 2893 1105 2940 consortem
1144 2881 1281 2942 nati
1320 2879 1599 2944 concede
1641 2876 1969 2965 sepulcro.

503 2994 667 3056 Haec
697 2991 1025 3082 loquitur,
1057 2995 1411 3088 iuguloque
1440 2995 1609 3063 haud
1634 3000 1871 3061 inscius
1889 2995 2128 3080 accipit
2151 3013 2352 3057 ensem
2371 3041 2390 3071 ,

502 3109 912 3200 'Vndantique
956 3118 1224 3180 animam
1262 3115 1571 3185 diffundit
1610 3119 1677 3180 in
1717 3139 1884 3182 arma
1920 3135 2173 3179 cruore.
