3400 5175
927 606 1384 697 AnNmDOS
1433 610 1606 664 ΗΒ.
1665 611 1869 669 v111.
2016 620 2165 694 271
2298 620 2399 695 77

505 752 686 812 Hanc
731 768 904 811 aram
943 746 1092 811 luco
1133 750 1404 825 statuit,
1445 768 1610 837 quae
1653 750 1933 811 Maxima
1968 771 2211 836 semper

505 873 770 931 Dicetur
807 865 1022 945 nobis,
1059 883 1122 931 et
1165 870 1289 931 erit
1329 890 1494 957 qnae
1537 872 1805 959 maxima
1848 890 2125 955 semper.

505 994 710 1069 Quare
751 991 964 1078 agite,
1009 1008 1046 1049 o
1075 988 1369 1065 iuvenes,
1411 1005 1731 1051 tantarum
1774 992 1838 1051 in
1866 1012 2119 1051 munere
2141 986 2404 1052 laudum

505 1110 765 1197 cingite
811 1103 1034 1169 fronde
1073 1129 1314 1183 comas,
1355 1124 1417 1170 et
1456 1106 1692 1193 pocula
1735 1111 1989 1198 porgite
2030 1106 2309 1184 dextris,

507 1230 1042 1313 Communemque
1083 1244 1308 1289 vocate
1350 1224 1573 1302 deum,
1613 1244 1675 1289 et
1708 1226 1860 1289 date
1905 1229 2055 1288 vina
2083 1226 2401 1289 volentes.

507 1348 811 1409 Dixerat:
852 1345 1164 1409 Herculea
1205 1344 1456 1409 bicolor
1497 1368 1693 1432 quum
1738 1344 2015 1431 populus
2060 1343 2282 1407 umbra

507 1466 895 1552 Velavitque
932 1487 1179 1541 comas,
1224 1460 1527 1552 foliisque
1571 1468 1803 1527 innexa
1840 1462 2189 1551 pependit;

509 1587 582 1646 Et
626 1606 804 1647 sacer
847 1583 1136 1670 implevit
1180 1583 1470 1647 dextram
1515 1581 1834 1672 scyphus.
1876 1586 2069 1647 Ocius
2108 1605 2319 1647 omnes

506 1706 577 1766 In
619 1725 888 1767 mensam
929 1703 1086 1766 laeti
1129 1702 1370 1776 libant,
1415 1700 1729 1790 divosque
1770 1720 2151 1789 precantur-3

506 1828 871 1887 Instaurant
909 1823 1164 1909 epulas,
1209 1842 1268 1885 et
1314 1844 1560 1885 mensae
1602 1840 1791 1913 grata
1830 1823 2142 1888 secundae

505 1946 684 2006 Dona
723 1940 970 2021 ferunt,
1014 1944 1474 2030 cumulantque
1514 1947 1793 2009 oneratis
1828 1942 2121 2008 lancibus
2158 1966 2321 2009 aras.

599 2066 866 2126 Devexo
904 2064 1144 2127 interea
1187 2066 1450 2152 propior
1491 2058 1558 2125 fit
1603 2066 1847 2151 Vesper
1892 2063 2204 2153 Olympo:

505 2180 764 2270 Iamque
804 2181 1160 2247 sacerdotes
1205 2185 1572 2272 primusque
1614 2186 1891 2247 Potitius
1932 2182 2147 2260 ibant,

505 2301 792 2371 Pellibus
828 2306 896 2365 in
933 2325 1162 2367 morem
1207 2304 1438 2381 cincti,
1484 2302 1893 2391 flammasque
1934 2300 2251 2367 ferebant.

507 2422 664 2483 Tum
707 2420 869 2485 Salii
905 2420 985 2485 ad
1027 2442 1284 2500 cantus,
1328 2426 1586 2489 incensa
1626 2424 1863 2488 altaria
1902 2427 2175 2501 circum,

505 2541 800 2628 Populeis
841 2540 1070 2606 adsunt
1103 2525 1352 2608 'evincti
1397 2564 1682 2630 tempora
1723 2545 1950 2620 ramis;

508 2663 627 2724 mc
657 2665 954 2725 iuvenum
987 2663 1250 2746 chorus,
1278 2665 1392 2728 ille
1420 2687 1630 2726 senum
1651 2683 1670 2740 ;
1693 2665 1807 2750 qui
1834 2663 2115 2724 carmine
2144 2661 2362 2725 laudes

507 2782 848 2845 Herculeas
889 2801 949 2846 et
991 2779 1162 2848 facta
1204 2782 1453 2848 ferunt:
1499 2799 1568 2844 ut
1615 2784 1820 2868 prima
1857 2799 2167 2842 novercae

507 2905 792 2965 Monstra
819 2925 1006 2966 manu
1026 2951 1042 2981 ,
1078 2908 1494 2995 geminosque
1521 2922 1807 2987 premens
1848 2899 2095 2962 eliserit
2124 2920 2398 2988 angues;

507 3023 588 3082 Vt
629 3019 804 3085 bello
845 3027 1142 3114 egregias
1187 3024 1346 3088 idem
1387 3023 1722 3087 disiecerit
1770 3018 1955 3084 nrbes

505 3141 922 3230 Troiamque,
958 3142 1488 3232 Oechaliamque:
1515 3161 1586 3205 ut
1629 3140 1824 3205 duros
1856 3141 2029 3204 mille
2052 3138 2298 3204 labores

501 3259 674 3350 Rege
715 3259 836 3325 sub
875 3261 1280 3350 Eurystlie0‚
1323 3261 1474 3328 satis
1518 3266 1783 3327 Iunonis
1826 3265 2123 3349 iniquae,

503 3381 882 3444 Pertulerit.
920 3387 1016 3444 Tu
1061 3367 1439 3474 nubigenas,
1480 3387 1758 3460 invicte,
1801 3380 2183 3446 bimembres

507 3500 956 3588 Hylaeumque
1001 3498 1398 3591 Pholumque
1439 3525 1656 3580 manu,
1701 3521 1769 3566 tu
1816 3504 2029 3566 Cresia
2072 3519 2311 3562 mactas

502 3619 838 3709 Prodigia,
881 3640 942 3682 et
986 3639 1232 3684 vastum
1277 3626 1508 3686 Nemea
1545 3622 1665 3686 sub
1705 3643 1861 3708 rupe
1904 3620 2179 3683 leonem.

503 3741 588 3800 Te
633 3743 855 3830 Stygii
894 3757 1206 3805 tremuere
1245 3743 1456 3820 lacus,
1499 3761 1560 3806 te
1603 3745 1834 3806 ianitor
1877 3741 2028 3801 Orci

503 3860 646 3922 Ossa
689 3881 880 3947 super
922 3860 1230 3926 recubans
1275 3881 1461 3926 antro
1500 3884 1735 3926 semesa
1777 3874 2076 3923 cruento:

504 3977 629 4042 Nec
669 3995 734 4043 te
775 3977 952 4043 ullae
991 3975 1216 4058 facies,
1257 4005 1376 4045 non
1423 3983 1654 4046 terruit
1700 3979 1835 4064 ipse
1874 3971 2229 4068 Typhoeus
