3400 5175
1060 545 1217 627 180
1688 564 1758 617 ι’.
1842 564 2363 621 vrnornrr
2633 546 2794 653 579

1138 703 1219 761 Et
1262 691 1512 759 fundam
1558 698 1750 757 tereti
1792 698 2029 761 circum
2067 718 2262 785 caput
2297 700 2434 788 egit
2475 695 2759 781 habena;

1147 816 1705 903 Strymoniamque
1745 838 2003 903 gruem,
2045 838 2152 881 aut
2193 816 2404 881 album
2446 817 2684 884 deiecit
2722 819 2984 883 olorem.

1144 936 1393 1001 Multae
1434 933 1609 998 illam
1654 931 1888 998 frustra
1928 934 2266 1025 Tyrrhena
2301 928 2414 1022 per
2453 938 2688 1025 oppida
2729 958 2959 1002 matres

1146 1060 1465 1140 Optavere
1506 1076 1760 1116 nurum.
1814 1053 1960 1116 Sola
2001 1071 2300 1117 contenta
2337 1058 2541 1117 Diana

1158 1182 1499 1236 Aeternum
1544 1172 1812 1235 telorum
1854 1192 1916 1235 et
1956 1174 2354 1261 virginitatis
2393 1192 2660 1235 amorem

1150 1296 1533 1355 Intemerata
1568 1292 1758 1355 colit.
1813 1290 2053 1355 Vellem
2093 1287 2270 1352 haud
2312 1306 2604 1375 correpta
2641 1285 2870 1351 fuisset

1148 1412 1395 1474 Militia
1434 1410 1585 1487 tali,
1622 1427 1849 1474 conata
1891 1409 2192 1473 lacessere
2235 1410 2549 1471 Teucros:

1147 1534 1311 1593 Cara
1362 1528 1518 1593 mihi
1554 1532 1988 1617 comitumque
2033 1524 2198 1591 foret
2239 1549 2405 1591 nunc
2447 1547 2575 1590 una
2613 1546 2885 1589 mearum
2915 1568 2932 1586 .

1148 1652 1383 1711 Verum
1426 1670 1579 1737 age,
1620 1645 2134 1735 quandoquidem
2175 1644 2328 1711 fatis
2371 1662 2640 1735 urgetur
2679 1643 2959 1723 acerbis,

1152 1764 1429 1841 Lubere,
1476 1764 1790 1853 nympha,
1836 1766 2018 1853 polo,
2057 1763 2338 1853 finesque
2379 1766 2582 1827 invise
2619 1767 2908 1840 Latinos,

1150 1884 1380 1945 Tristis
1422 1880 1533 1946 ubi
1581 1878 1858 1945 infausto
1900 1887 2324 1949 committitur
2363 1886 2569 1949 omine
2613 1904 2858 1973 pugna.

1154 2002 1327 2061 Haec
1370 2018 1557 2083 cape,
1600 2018 1663 2060 et
1709 1999 2002 2063 ultricem
2035 2002 2332 2089 pharetra
2361 2004 2656 2090 deprome
2684 2004 3029 2091 sagittam:

1151 2118 1325 2191 Hac,
1371 2119 1760 2204 quicumque
1801 2140 2044 2182 sacrum
2086 2120 2348 2183 violarit
2383 2119 2645 2183 vulnere
2686 2139 2944 2203 corpus,

1146 2235 1305 2296 Tros
1350 2236 1674 2313 Italusve,
1720 2234 1878 2301 mihi
1921 2241 2167 2325 pariter
2209 2238 2317 2301 det
2353 2240 2658 2327 sanguine
2699 2256 2970 2323 poenas.

1149 2356 1295 2417 Post
1337 2376 1455 2443 ego
1499 2352 1667 2438 Qbe
1709 2376 1867 2419 cava
1907 2356 2300 2421 miserandae
2338 2377 2564 2442 c9rpus
2602 2372 2665 2417 et
2705 2375 2879 2417 arma

1150 2472 1505 2557 Inspoliata
1548 2470 1743 2537 feram
1786 2473 2070 2549 tumu10,
2114 2477 2492 2561 patriaeque
2533 2492 2863 2559 reponam.

1150 2593 1373 2654 Dixit:
1418 2610 1484 2656 at
1529 2591 1644 2656 illa
1682 2593 1844 2658 levis
1887 2591 2056 2656 caeli
2099 2594 2363 2656 demissa
2400 2615 2511 2678 per
2552 2613 2736 2654 auras

1152 2714 1481 2789 Insonuit‚
1522 2715 1707 2803 nigro
1749 2710 2148 2776 circumdata
2190 2709 2444 2774 turbine
2485 2731 2752 2795 corpus.

1254 2833 1334 2892 At
1378 2853 1587 2893 manus
1630 2835 1872 2894 interea
1916 2831 2109 2892 muris
2149 2833 2420 2894 Troiana
2459 2830 2888 2916 propinquat,

1148 2951 1535 3034 Etruscique
1576 2947 1802 3026 duces,
1844 2953 2265 3037 equitumque
2301 2951 2624 3011 exercitus
2663 2953 2898 3023 omnis3

1152 3069 1501 3150 Compositi
1544 3089 1798 3130 numero
1841 3073 1902 3130 in
1948 3086 2224 3131 turmas.
2281 3068 2516 3130 Fremit
2573 3087 2848 3152 aequore
2891 3082 3032 3130 toto

1144 3185 1470 3246 Insultans
1510 3189 1789 3273 sonipes,
1832 3206 1894 3250 et
1937 3191 2164 3274 pressis
2205 3205 2448 3277 pugnat
2491 3182 2756 3248 habenis

1144 3304 1284 3362 Huc
1326 3301 1631 3366 obversus
1670 3323 1734 3367 et
1779 3302 1953 3382 huc;
1996 3327 2130 3370 turn
2172 3305 2302 3368 late
2341 3301 2582 3367 ferreus
2623 3301 2821 3365 hastis

1148 3422 1377 3481 Horret
1422 3443 1605 3509 ager,
1648 3426 1988 3511 campique
2031 3430 2218 3489 armis
2255 3423 2636 3488 sublimibus
2676 3420 2934 3485 ardent.

1148 3541 1281 3601 Nec
1327 3561 1441 3602 non
1490 3546 1812 3628 Messapus
1851 3563 2111 3620 contra,
2147 3545 2510 3631 celeresque
2546 3545 2800 3614 Latini,

1156 3661 1235 3721 Et
1276 3682 1412 3722 cum
1456 3657 1653 3724 fratre
1690 3665 1938 3738 Corax,
1981 3679 2043 3726 et
2089 3665 2358 3754 virginis
2396 3661 2498 3724 ala
2539 3659 2886 3734 Camillae,

1154 3777 1419 3843 Adversi
1462 3803 1683 3866 campo
1723 3799 2067 3867 apparent3
2111 3779 2454 3868 hastasque
2494 3777 2780 3843 reductis

1146 3897 1533 3964 Protendunt
1580 3899 1770 3990 longe
1805 3899 2088 3979 dextris,
2128 3918 2192 3964 et
2231 3899 2484 3987 spicula
2522 3898 2815 3964 vibrant:
