3400 5175
861 604 1318 687 Annnmos
1383 608 1556 662 mn.
1620 606 1787 663 vu.
1928 582 2077 661 551
2209 577 2309 685 57

437 744 734 833 Vndique
765 758 836 805 ut
869 742 1120 805 auxilio
1145 743 1440 811 veniant:
1459 760 1750 829 spargam
1779 761 1945 801 arma
1970 760 2080 825 per
2105 760 2321 829 agros.

432 871 586 931 Tum
625 881 852 927 contra
894 864 1092 923 Iuno:
1137 860 1476 922 Terrorum
1513 880 1572 921 et
1615 856 1857 923 fraudis
1898 858 2147 925 abunde
2186 876 2281 923 est
2305 904 2323 922 .

439 990 614 1047 Stant
659 980 819 1046 belli
861 999 1150 1057 caussae3
1197 996 1523 1068 pugnatur
1564 981 1909 1043 comminus
1948 982 2169 1057 armis;

437 1108 602 1184 Quae
647 1098 776 1165 fors
819 1103 1020 1188 prima
1061 1097 1274 1174 dedit,
1315 1100 1567 1185 sanguis
1607 1118 1807 1159 novus
1848 1095 2075 1159 imbuit
2117 1116 2322 1157 arma.

440 1223 624 1287 Talia
663 1223 998 1309 coniugia,
1038 1235 1101 1282 et
1144 1218 1306 1282 tales
1344 1215 1665 1281 celebrent
1704 1213 2090 1304 hymenaeos

451 1343 794 1432 Egregium
833 1342 1098 1401 Veneris
1137 1358 1338 1428 genus
1375 1353 1442 1399 et
1485 1356 1596 1399 rex
1639 1338 1773 1419 ipse
1818 1316 2109 1397 Latinus.

446 1465 530 1525 Te
568 1480 762 1547 snper
801 1456 1122 1521 aetherias
1161 1478 1370 1521 errare
1409 1456 1717 1519 licentius
1755 1475 1941 1517 auras

449 1579 630 1643 Haud
671 1582 864 1642 Pater
905 1578 1018 1641 ille
1059 1578 1254 1656 velit,
1292 1578 1518 1640 summi
1557 1592 1856 1665 regnator
1894 1574 2187 1661 Olympi.

451 1698 612 1763 Cede
649 1697 845 1762 locis.
887 1701 1058 1787 Eg0‚
1101 1701 1152 1760 si
1193 1718 1320 1784 qua
1359 1718 1546 1785 super
1585 1693 1846 1759 fortuna
1882 1694 2166 1759 laborum
2198 1709 2329 1771 est,

455 1820 598 1904 Ipsa
641 1840 890 1906 regam.
929 1815 1116 1879 Tales
1151 1814 1416 1880 dederat
1461 1819 1757 1880 Saturnia
1794 1837 2011 1879 voces.

451 1938 570 1999 Illa
611 1955 825 1999 autem
865 1936 1107 2000 attollit
1151 1934 1490 1999 stridentes
1527 1936 1843 2027 anguibus
1882 1936 2049 2015 aIaS,

453 2057 818 2144 Cocytique
859 2059 1024 2142 petit
1065 2054 1306 2131 sedem,
1345 2078 1571 2144 supera
1611 2057 1809 2122 ardua
1849 2056 2173 2146 linquens.

457 2177 556 2237 Est
601 2173 784 2239 locus
829 2176 1059 2239 Italiae
1095 2174 1308 2239 medio
1345 2174 1464 2239 sub
1501 2176 1821 2241 montibus
1860 2175 2009 2240 altis

457 2290 748 2371 Nobilis,
791 2311 858 2356 et
897 2291 1062 2358 fama
1105 2293 1324 2359 multis
1361 2315 1737 2361 memoratus
1779 2300 1845 2358 in
1886 2300 2043 2373 oris,

457 2416 780 2477 Amsancti
821 2412 1060 2477 valles.
1098 2418 1318 2477 Densis
1359 2411 1526 2477 hunc
1569 2412 1901 2479 frondibus
1932 2434 2140 2478 atrum

455 2534 658 2627 :Vrget
703 2534 1030 2620 utrimque
1069 2533 1240 2598 latus
1280 2536 1582 2625 nemoris,
1623 2535 1959 2623 medioque
2000 2532 2285 2624 fragosus

465 2655 582 2714 Dat
623 2656 900 2718 sonitum
938 2657 1112 2716 saxis
1153 2672 1212 2717 et
1247 2673 1418 2717 torto
1454 2657 1701 2718 vortice
1740 2671 2014 2716 torrens.

467 2773 582 2835 mc
624 2795 854 2859 specus
895 2771 1308 2851 horrendum,
1351 2776 1524 2836 saevi
1565 2771 1889 2860 spiracula
1924 2774 2130 2849 Ditis,

470 2893 898 2970 monstratum·
935 2913 1254 2983 ruptoque
1293 2896 1518 2984 ingens
1562 2889 1918 2959 Acheronte
1959 2913 2193 2982 vorago

469 3008 804 3075 Pestiferas
842 3015 1046 3100 aperit
1093 3010 1347 3092 fauces;
1389 3013 1538 3102 quis
1573 3011 1832 3078 condita
1876 3007 2189 3104 Erinnys,

469 3131 747 3195 Invisum
792 3110 1054 3210 numen,
1099 3151 1302 3197 terras
1340 3134 1715 3222 caelumque
1750 3133 2045 3200 levabat.

565 3253 700 3315 Nec
743 3254 952 3317 minus
992 3255 1238 3318 interea
1276 3272 1622 3317 extremam
1666 3256 1968 3319 Saturnia
2002 3251 2174 3320 bello

473 3371 750 3456 Imponit
793 3374 1016 3462 regina
1057 3395 1336 3436 manum.
1378 3375 1539 3435 Ruit
1579 3377 1779 3436 omnis
1818 3377 1885 3436 in
1924 3373 2137 3438 urbem

481 3489 808 3553 Pastorum
852 3513 928 3554 ex
971 3493 1110 3556 acie
1149 3513 1477 3569 numerus,
1519 3513 1854 3580 caesosque
1894 3511 2223 3580 reportant

478 3607 800 3675 Almonem
845 3633 1108 3698 puerum
1146 3605 1520 3700 foedatique
1558 3635 1667 3675 ora
1708 3613 1997 3690 Galaesi;

482 3726 964 3816 Implorantque
1005 3729 1186 3808 deos,
1226 3729 1751 3818 obtestanturque
1792 3734 2119 3793 Latinum.

486 3846 734 3908 Turnus
775 3845 990 3924 adest,
1033 3848 1368 3936 medioque
1407 3855 1468 3913 in
1509 3855 1804 3926 crimine,
1843 3847 2054 3912 caedis
2094 3866 2157 3911 et
2200 3849 2368 3940 ignis

485 3964 814 4029 Terrorem
859 3969 1243 4056 ingeminat:
1287 3974 1566 4038 Teucros
1604 3975 1672 4034 in
1713 3990 1908 4059 regna
1952 3969 2206 4048 vocari3
