3400 5175
1011 634 1163 685 112
1651 634 1724 686 P.
1799 632 2324 687 vrncrnrr
2585 616 2750 715 467

1098 768 1531 854 Ingentesque
1574 784 1790 827 tenent
1835 762 2055 845 fossas,
2095 786 2156 829 et
2201 764 2484 830 turribus
2525 766 2671 831 altis

1101 890 1279 949 Stant
1324 888 1573 951 maesti:
1616 886 1805 948 simul
1841 909 1950 949 ora
1991 884 2192 951 vitum
2239 884 2514 973 praefixa
2553 888 2918 965 movebant,

1103 1009 1276 1069 Nota
1317 1008 1501 1069 nimis
1542 1008 1825 1083 miseris,
1863 1028 2126 1095 atroque
2167 1005 2428 1069 fluentia
2472 1007 2658 1069 tabo·

1100 1128 1358 1188 Interea
1398 1124 1691 1211 pavidam
1735 1126 2006 1191 volitans
2049 1150 2319 1213 pennata
2364 1152 2472 1216 per
2518 1128 2732 1193 urbem

1099 1246 1347 1308 ‘Nuntia
1389 1248 1578 1307 Fama
1620 1250 1782 1321 ruit,
1825 1250 2174 1335 matrisque
2219 1248 2550 1312 adlabitur
2589 1271 2772 1311 aures

1106 1364 1415 1451 Euryali.
1459 1369 1543 1428 At
1582 1364 1832 1429 subitus
1876 1369 2132 1429 miserae
2171 1368 2344 1431 calor
2373 1392 2510 1431 ossa
2553 1370 2849 1455 reliquit:

1104 1484 1373 1544 Excussi
1412 1482 1694 1547 manibus
1738 1484 1938 1561 radii,
1983 1487 2406 1575 revolutaque
2449 1512 2674 1573 pensa.

1100 1602 1336 1665 Evolat
1375 1601 1636 1681 infelix,
1680 1623 1746 1666 et
1784 1603 2056 1669 femineo
2099 1605 2396 1682 ululatu,

1104 1726 1315 1785 Scissa
1350 1746 1617 1803 comam,
1660 1748 1865 1787 muros
1905 1748 2111 1789 amens
2151 1745 2349 1813 atque
2387 1727 2640 1817 agmina
2680 1748 2868 1789 cursu

1098 1844 1315 1907 Prima
1358 1846 1555 1929 petit:
1598 1868 1722 1907 non
1763 1845 1884 1908 illa
1922 1840 2162 1921 virum,
2201 1868 2326 1908 non
2365 1846 2482 1910 illa
2523 1845 2746 1933 pericli

1102 1961 1527 2049 Telorumque
1552 1984 1814 2026 memor:
1844 1966 2088 2029 eaelum
2114 1964 2346 2030 dehinc
2373 1964 2703 2053 questibus
2730 1964 2982 2049 implet:

1102 2088 1289 2151 Hunc
1329 2106 1449 2173 ego
1490 2102 1585 2161 te,
1632 2087 1944 2176 Euryale,
1983 2079 2312 2172 adspicio?
2340 2105 2495 2148 tune
2531 2085 2988 2161 ille,·senectae

1099 2210 1253 2268 Sera
1298 2226 1468 2267 meae
1510 2209 1802 2293 requies,
1844 2210 2117 2293 potuisti
2154 2208 2448 2295 linquere
2492 2206 2719 2284 solam,

1099 2318 1444 2389 Crudelis?
1488 2346 1601 2388 nec
1642 2345 1746 2404 te,
1783 2325 1904 2390 sub
1946 2342 2129 2390 tanta
2167 2324 2456 2413 pericula
2499 2328 2780 2401 missum,

1101 2441 1331 2507 Adfari
1371 2464 1722 2509 extremum
1767 2448 2029 2510 miserae
2069 2445 2221 2509 data
2261 2449 2448 2533 copia
2490 2438 2717 2508 matri?

1102 2568 1281 2643 Heu,
1322 2583 1491 2628 terra
1530 2569 1782 2658 ignota,
1826 2566 2094 2632 canibus
2135 2565 2284 2632 date
2328 2565 2564 2653 praeda
2607 2564 2845 2628 Latinis

1098 2685 1548 2774 Alitibusque,
1591 2681 1790 2750 iaces!
1831 2711 1943 2752 nec
1989 2707 2050 2752 te
2091 2709 2237 2766 tua,
2279 2684 2540 2762 funera,
2587 2705 2786 2750 mater

1101 2803 1418 2884 Produxi,
1462 2809 1741 2893 pressive
1781 2807 2028 2885 oculos,
2073 2825 2184 2870 aut
2226 2806 2493 2871 vulnera
2533 2805 2700 2878 lavi,

1098 2925 1293 2986 Veste
1335 2944 1587 3013 tegens3
1636 2925 1759 2992 tibi
1797 2950 1984 3014 quam
2030 2947 2246 2991 noctes
2283 2921 2521 2992 festina
2561 2921 2822 3009 diesque

1100 3042 1454 3133 'Vrgebam‚
1496 3066 1561 3108 et
1604 3047 1735 3109 tela
1776 3071 1960 3110 curas
1999 3045 2250 3110 solabar
2293 3045 2521 3108 aniles.

1101 3164 1237 3240 Quo
1264 3157 1536 3248 sequar?
1567 3184 1676 3227 aut
1702 3189 1872 3252 quae
1900 3188 2062 3230 nunc
2089 3185 2294 3244 artus,
2320 3165 2674 3251 avulsaque
2700 3157 2992 3234 membra,

1096 3282 1184 3341 Et
1226 3277 1415 3344 funus
1456 3280 1738 3346 lacerum
1783 3286 1977 3350 tellus
2013 3278 2250 3350 habet?
2301 3282 2420 3348 hoc
2466 3280 2626 3346 mihi
2665 3279 2742 3344 de
2781 3298 2880 3355 te,

1096 3401 1295 3476 Nate,
1338 3395 1579 3464 refers?
1622 3400 1742 3465 hoc
1785 3429 1918 3467 sum
1964 3425 2264 3494 terraque
2309 3407 2602 3491 marique
2642 3392 2954 3490 sequuta?

1100 3521 1320 3608 Figite
1362 3543 1493 3597 me,
1534 3524 1588 3584 si
1628 3546 1760 3611 qua
1798 3544 1893 3589 est
1931 3530 2174 3614 pietas;
2217 3529 2284 3590 in
2325 3547 2418 3590 me
2461 3525 2670 3588 omnia
2709 3520 2842 3583 tela

1100 3641 1457 3719 Coniicite‚
1502 3665 1538 3705 o
1582 3645 1855 3725 Rutuli,
1899 3671 1996 3710 me
2041 3651 2302 3734 primam
2344 3645 2660 3711 absumite
2701 3637 2896 3704 ferro·

1098 3765 1231 3822 Aut
1274 3779 1379 3840 tu,
1420 3785 1643 3855 magne
1686 3769 1873 3830 Pater
1911 3765 2159 3844 divum,
2200 3770 2520 3842 miserere,
2559 3782 2801 3848 tuoque

1098 3883 1381 3944 Invisum
1424 3881 1543 3947 hoc
1586 3885 1858 3948 detrude
1901 3906 2100 3974 caput
2141 3886 2260 3951 sub
2299 3891 2570 3950 Tartara
2611 3884 2774 3950 telo:

1097 4001 1363 4078 Quando
1405 4004 1597 4068 aliter
1638 4028 1884 4094 nequeo
1923 4007 2240 4072 crudelem
2277 4004 2657 4090 abrumpere
2696 4004 2926 4066 vitam.
