3400 5175
846 630 1308 689 Aznrzmos
1373 631 1548 683 mn.
1605 629 1810 687 v111.
1898 606 2055 683 663
2218 632 2311 710 9¹

433 779 556 841 Hic
600 769 1004 835 exsultantes
1041 764 1278 840 Salios,
1321 763 1646 849 nudosque
1688 766 2037 848 Lupercos,

445 896 916 981 Lanigerosque
957 887 1204 971 apices,
1247 901 1310 945 et
1350 881 1526 967 lapsa
1566 880 1799 943 ancilia
1838 882 2017 943 caelo

433 1008 818 1074 Extuderat:
861 1022 1072 1066 castae
1112 1001 1431 1067 ducebant
1472 1022 1650 1063 sacra
1689 1022 1801 1085 per
1845 999 2063 1063 urbem

435 1128 698 1191 Pilentis
739 1144 970 1186 matres
1009 1126 1077 1185 in
1120 1120 1449 1185 mollibus.
1493 1123 1668 1183 Hinc
1712 1115 1941 1205 proc'nl
1976 1120 2156 1185 addit

435 1248 778 1306 Tartareas
819 1241 1016 1302 etiam
1053 1236 1264 1314 sedes,
1304 1238 1442 1302 alta
1482 1243 1648 1302 ostia
1689 1242 1901 1318 Ditis;

435 1366 510 1425 Et
555 1360 870 1424 scelerum
907 1380 1174 1443 poenas,
1217 1376 1280 1421 et
1325 1376 1424 1434 te,
1467 1358 1783 1434 Catilina,
1822 1359 2047 1421 minaci

435 1478 818 1544 Pendentem
861 1476 1157 1561 scopulo,
1199 1480 1665 1564 Furiarumque
1707 1498 1819 1539 ora
1858 1494 2263 1555 trementem3

433 1606 854 1685 Secretosque
895 1600 1060 1683 pios:
1105 1594 1204 1659 his
1241 1598 1492 1662 dantem
1529 1602 1670 1661 iura
1713 1601 2021 1659 Catonem
2046 1642 2061 1658 .

443 1723 614 1781 Haec
653 1720 828 1779 inter
866 1716 1098 1779 tumidi
1145 1715 1274 1779 late
1317 1720 1502 1781 maris
1540 1716 1674 1781 ibat
1714 1720 1923 1805 imago

447 1842 696 1913 Aurea,
736 1835 846 1898 sed
889 1833 1091 1899 fluctu
1133 1836 1511 1923 spumabant
1552 1836 1811 1900 caerula
1850 1854 2041 1913 cano;

445 1960 524 2019 Et
567 1960 806 2019 circum
851 1974 1112 2045 argento
1153 1955 1314 2019 clari
1354 1954 1690 2043 delphines
1722 1959 1786 2018 in
1827 1954 2041 2019 orbem

453 2082 754 2163 Aequora
795 2073 1136 2139 verrebant
1177 2075 1434 2153 caudis,
1473 2096 1845 2163 aestumque
1879 2073 2207 2140 secabant.

445 2198 516 2258 In
559 2192 772 2258 medio
813 2194 1048 2258 classes
1089 2216 1361 2274 aeratas,
1404 2198 1588 2259 Actia
1633 2194 1843 2272 bella,

445 2317 719 2377 Cernere
759 2332 934 2390 erat;
981 2332 1314 2403 totumque
1356 2318 1664 2379 instructo
1708 2334 1906 2377 marte
1946 2314 2195 2379 videres

443 2437 720 2497 Fervere
765 2440 1116 2510 Leucaten,
1155 2455 1438 2522 auroque
1479 2432 1792 2524 effulgere
1832 2432 2096 2497 fluctus.

448 2554 614 2617 Hinc
660 2558 988 2644 Augustus
1029 2574 1218 2644 agens
1259 2550 1456 2616 Italos
1497 2552 1564 2613 in
1605 2551 1852 2636 proelia
1887 2554 2121 2615 Caesar

445 2673 600 2733 Cum
633 2671 960 2749 Patribus,
991 2673 1393 2760 Populoque‚
1423 2670 1802 2746 Penatibus,
1828 2687 1891 2732 et
1922 2673 2166 2758 magnis
2184 2671 2333 2748 Dis,

446 2793 583 2852 Stat
626 2791 796 2853 celsa
832 2793 900 2852 in
935 2794 1172 2877 puppi:
1219 2794 1502 2881 geminas
1543 2791 1651 2852 cui
1695 2805 1979 2876 tempora
2018 2787 2295 2852 flammas

449 2913 642 2972 Laeta
681 2929 978 2986 vomunt,
1021 2913 1434 2999 patriumque
1473 2911 1761 2995 aperitur
1804 2910 2048 2972 vertice
2088 2907 2298 2971 sidus.

449 3031 633 3090 Parte
673 3029 804 3090 alia
843 3032 1054 3091 ventis
1095 3049 1158 3091 et
1197 3027 1296 3092 dis
1335 3031 1626 3119 Agrippa
1666 3027 1959 3092 secundis

450 3147 704 3210 Arduus
746 3168 974 3236 agmen
1011 3168 1236 3236 agenat
1276 3151 1421 3226 cni,
1459 3147 1616 3212 belli
1661 3152 1911 3240 insigne
1962 3148 2337 3238 superbum,

451 3269 764 3353 Tempora
804 3264 1016 3329 navali
1056 3262 1311 3356 fulgent
1360 3289 1632 3333 rostrata
1670 3293 1931 3334 corona.

451 3389 612 3450 Hinc
655 3408 780 3472 ope
825 3384 1198 3465 barbarica,
1242 3392 1564 3475 variisque
1607 3391 1918 3451 Antonius
1958 3391 2182 3464 armis,

445 3507 668 3569 Victor
708 3502 792 3568 ab
833 3511 1114 3568 Aurorae
1159 3502 1415 3592 populis
1455 3527 1518 3570 et
1562 3508 1753 3570 litore
1796 3505 2055 3585 Rubro,

457 3631 862 3715 Aegyptum,
907 3629 1202 3712 viresque
1242 3629 1550 3704 Orientis,
1593 3645 1656 3689 et
1699 3627 1928 3689 ultima
1962 3648 2175 3688 secum

458 3747 679 3808 Bactra
704 3741 922 3820 vehit;
949 3747 1370 3834 sequiturque
1397 3741 1693 3835 (nefas!)
1729 3747 2049 3834 Aegyptia
2069 3745 2304 3808 coniux
2324 3789 2342 3806 .

457 3862 596 3923 Vna
633 3884 848 3925 omnes
888 3885 1102 3941 ruere,
1147 3887 1218 3928 ac
1257 3883 1459 3929 totum
1502 3885 1819 3950 spumare,
1867 3860 2149 3925 reductis

460 3982 852 4046 Convulsum
896 3985 1080 4046 remis
1121 3988 1474 4074 rostrisque
1514 3981 1932 4059 tridentibus,
1974 4003 2245 4070 aequor.
