3400 5175
988 593 1467 653 smarnos
1530 592 1706 648 mn.
1761 586 1895 647 xr.
2043 568 2204 674 775
2333 572 2484 674 187

598 728 891 807 Cassida3
916 744 1045 791 tum
1064 746 1351 791 croceam
1372 722 1899 814 chlamydemque
1910 728 2556 815 sinusquecrepantes

604 850 957 916 carbaseos
998 843 1179 909 fulvo
1220 847 1289 907 in
1328 841 1559 908 nodum
1600 844 1946 935 collegerat
1987 867 2182 924 auro,

602 974 821 1035 Pictas
862 988 983 1030 acu
1024 966 1276 1028 tunicas
1314 979 1381 1025 et
1421 958 1693 1027 barbara
1735 966 2018 1053 tegmina
2057 986 2341 1028 crurum.

607 1092 789 1151 Hunc
830 1087 1057 1184 virge,
1096 1086 1231 1147 sive
1270 1099 1341 1145 ut
1384 1079 1637 1166 templis
1679 1078 2054 1175 praefigeret
2099 1104 2272 1145 arma

602 1206 842 1284 Troia,
878 1206 1137 1290 captivo
1174 1206 1311 1265 sive
1352 1220 1423 1263 ut
1467 1221 1531 1263 se
1570 1196 1764 1263 ferret
1807 1202 1872 1263 in
1907 1222 2064 1263 auro

606 1326 949 1400 Venatrix,
992 1344 1181 1386 unum
1212 1342 1291 1384 ex
1332 1320 1503 1383 omni
1540 1321 1889 1382 certamine
1927 1340 2178 1408 pugnae

602 1447 809 1507 Caeca
848 1440 1269 1529 sequebatur3
1316 1457 1655 1525 totumque
1698 1440 1958 1501 incauta
2001 1460 2114 1523 per
2153 1458 2374 1527 agmen

604 1566 897 1627 Femineo
936 1559 1209 1648 praedae
1245 1578 1307 1621 et
1348 1556 1691 1645 spoliorum
1739 1553 2000 1621 ardebat
2041 1576 2276 1619 amores

603 1682 825 1745 Telum
868 1702 947 1743 ex
986 1677 1241 1743 insidiis
1280 1699 1477 1766 quum
1522 1674 1774 1739 tandem
1817 1693 2102 1763 tempore
2142 1696 2330 1763 capto

604 1801 931 1873 concitat,
968 1813 1035 1861 et
1074 1800 1345 1883 Superos
1388 1800 1633 1859 Arruns
1673 1798 1766 1859 sic
1807 1818 1964 1859 voce
1997 1815 2332 1883 precatur:

602 1922 849 1980 Summe
886 1910 1105 1991 defim,
1145 1916 1351 1977 sancti
1388 1898 1607 1978 'custos
1648 1918 1926 1979 Soractis
1970 1914 2236 2003 Apelle,

600 2040 795 2117 Quem
840 2035 1029 2119 primi
1070 2033 1377 2111 colimus,
1416 2036 1524 2097 cui
1567 2037 1794 2122 pineus
1829 2034 2016 2101 ardor
2052 2058 2284 2100 acervo

605 2156 930 2231 Pascitur;
973 2170 1037 2215 et
1080 2150 1351 2216 medium
1395 2149 1547 2216 freti
1590 2156 1836 2240 pietate
1877 2176 1987 2241 per
2027 2158 2238 2245 ignem

604 2273 897 2335 Cultores
938 2270 1140 2334 multa
1178 2273 1518 2357 premimus
1556 2276 1832 2364 vestigia
1873 2294 2112 2360 pruna;

602 2394 729 2467 Da,
767 2407 981 2477 pater,
1024 2388 1143 2453 hoc
1188 2393 1419 2453 nostris
1455 2389 1699 2456 aboleri
1743 2392 2019 2458 dedecus
2058 2396 2282 2471 armis,

603 2513 1045 2598 Omnipotens.
1094 2511 1235 2572 Non
1275 2511 1577 2589 exuvias,
1618 2510 1915 2600 pulsaeve
1957 2530 2284 2600 tropaeum

599 2631 923 2719 Virginis,
966 2645 1077 2690 aut
1112 2627 1319 2715 spolia
1360 2630 1497 2692 ulla
1534 2647 1724 2716 peto.
1765 2628 1934 2695 Mihi
1973 2647 2188 2694 cetera
2229 2627 2480 2694 laudem

601 2751 805 2812 Facta
844 2743 1081 2810 ferent.
1136 2751 1305 2812 Haec
1347 2746 1487 2811 dira
1528 2771 1666 2812 meo
1705 2748 1854 2812 dum
1896 2748 2160 2812 vulnere
2202 2750 2398 2834 pestis

603 2865 794 2930 Pulsa
832 2865 1053 2944 eadat,
1094 2870 1339 2952 patrias
1375 2865 1671 2932 remeabo
1713 2867 2032 2958 inglorius
2069 2865 2290 2931 urbes.

604 2985 865 3063 Audiit,
904 3002 965 3048 et
1010 2989 1145 3050 voti
1190 2984 1477 3053 Phoebus
1518 2984 1861 3050 succedere
1898 3001 2140 3070 partem

601 3106 820 3168 Mente
856 3102 1071 3168 dedit:
1112 3125 1355 3191 partem
1400 3105 1689 3169 volucres
1725 3107 2024 3192 dispersit
2065 3108 2131 3168 in
2173 3125 2386 3168 auras.

606 3228 929 3287 Sterneret
969 3243 1039 3287 ut
1081 3222 1297 3288 subita
1338 3222 1659 3288 turbatam
1705 3242 1904 3289 morte
1944 3221 2311 3303 Camillam,

608 3340 847 3406 Adnuit
892 3345 1134 3406 oranti:
1178 3341 1471 3406 reducem
1513 3361 1585 3404 ut
1632 3345 1844 3428 patria
1885 3343 2016 3407 alta
2055 3342 2338 3419 videret,

610 3461 751 3523 Non
790 3459 1003 3538 dedit;
1042 3461 1237 3548 inque
1274 3479 1455 3524 notos
1494 3482 1714 3525 vocem
1754 3481 2004 3525 vertere
2045 3461 2400 3548 procellae.

609 3583 811 3670 Ergo,
851 3597 928 3641 ut
968 3582 1149 3643 missa
1192 3601 1375 3643 manu
1404 3584 1675 3644 sonitum
1704 3580 1884 3646 dedit
1913 3580 2097 3644 hasta
2127 3603 2239 3668 per
2267 3599 2482 3656 auras,

566 3687 571 3691 ⁴
605 3699 993 3762 Convertere
1030 3700 1271 3762 animos
1312 3720 1517 3775 acres,
1558 3699 1906 3786 oculosque
1949 3698 2150 3762 tulere

609 3817 841 3880 Cuncti
882 3815 963 3880 ad
1003 3821 1285 3908 reginam
1327 3821 1571 3883 Volsci.
1634 3815 1818 3880 Nihil
1863 3817 1998 3901 ipsa
2045 3834 2250 3899 neque
2291 3833 2488 3875 aurae

608 3935 743 3999 Nee
785 3934 1035 4002 sonitus
1074 3959 1343 4018 memor,
1387 3955 1504 4002 aut
1540 3937 1858 4004 venientis
1901 3931 1984 3998 ab
2021 3929 2279 3997 aethere
2320 3929 2468 3994 teli:
