3400 5175
948 583 1101 663 130
1560 597 1630 649 P.
1721 594 2280 652 vrncrntr
2529 574 2672 657 131

1028 736 1380 822 Molirique
1420 734 1659 823 ignem,
1702 752 2023 820 nervoque
2061 748 2284 816 aptare
2323 731 2625 820 sagittas-

1042 861 1187 943 Ipse
1226 857 1391 917 inter
1433 850 1699 929 medios,
1745 852 2008 914 Veneris
2047 852 2394 914 iustissima
2436 874 2624 929 cura,

1046 971 1407 1039 Dardanius
1444 990 1669 1056 caput,
1709 991 1892 1047 ecce,
1934 991 2092 1055 puer
2131 968 2427 1033 detectus
2471 968 2838 1049 honestum,

1048 1093 1272 1175 Qualis
1310 1112 1557 1181 gemma
1596 1092 1826 1167 micat,
1867 1087 2120 1153 fulvum
2159 1110 2330 1177 quae
2369 1090 2608 1155 dividit
2647 1114 2897 1170 aurum,

1052 1216 1179 1276 Aut
1220 1211 1389 1276 collo
1428 1210 1651 1287 decus,
1694 1227 1806 1272 aut
1844 1213 2083 1297 capiti:
2127 1210 2228 1273 vel
2269 1212 2463 1299 quale
2507 1234 2616 1299 per
2655 1230 2850 1277 artem

1054 1331 1375 1396 Inclusum
1416 1328 1622 1405 buxo,
1658 1348 1772 1391 aut
1810 1332 2028 1393 Oricia
2063 1326 2432 1393 terebintho

1055 1455 1255 1515 Lucet
1295 1447 1489 1514 eburt
1530 1446 1701 1513 fusos
1733 1450 1956 1513 cervix
1998 1452 2100 1513 cui
2143 1448 2354 1512 lactea
2392 1451 2598 1514 crines

1054 1573 1348 1659 Accipit,
1392 1588 1454 1633 et
1494 1568 1670 1633 molli
1707 1566 2086 1633 subnectens
2119 1568 2400 1632 circulus
2439 1590 2594 1632 auro
2617 1615 2632 1631 .

1052 1692 1143 1751 Te
1179 1709 1441 1775 quoque
1482 1688 1878 1776 magnanime
1921 1686 2254 1763 viderunt,
2297 1692 2565 1765 Ismare,
2605 1708 2829 1779 gentes

1056 1807 1339 1871 Vulnera
1376 1804 1688 1895 dirigere,
1727 1822 1792 1870 et
1833 1806 2106 1871 calamos
2143 1830 2388 1871 armare
2423 1830 2700 1887 veneno,

1058 1927 1354 1992 Maeonia
1394 1948 1696 2015 generose
1731 1924 1952 1990 domo:
1993 1926 2102 1991 ubi
2143 1931 2412 2019 pinguia
2452 1929 2634 1993 culta

1055 2051 1501 2133 Exercentque
1541 2048 1702 2121 viri,
1746 2046 2166 2134 Pactolosqne
2205 2050 2432 2137 irrigat
2469 2070 2654 2111 auro.

1054 2163 1287 2232 Adfuit
1326 2181 1391 2229 et
1432 2162 1832 2243 Mnestheus,
1870 2190 2058 2253 quem
2099 2167 2272 2253 pulsi
2319 2170 2590 2254 pristina
2631 2171 2837 2231 Turni

1054 2293 1307 2377 Aggere
1348 2308 1665 2351 murorum
1705 2286 2038 2351 sublimem
2066 2278 2290 2377 'gloria
2331 2287 2552 2365 tollit;

1052 2410 1134 2471 Et
1174 2410 1414 2494 Capys:
1462 2402 1609 2468 hinc
1649 2426 1874 2469 nomen
1915 2410 2270 2493 Campanae
2310 2406 2572 2471 ducitur
2611 2404 2793 2473 urbi.

1156 2525 1266 2590 Illi
1310 2528 1479 2590 inter
1518 2546 1651 2590 sese
1692 2525 1840 2591 duri
1879 2530 2230 2591 certamina
2267 2526 2427 2595 belli
2493 2512 2562 2537 ιτ

1052 2646 1506 2712 Contulerantt
1542 2645 1751 2710 media
1795 2651 2032 2710 Aeneas
2074 2644 2239 2712 freta
2281 2665 2468 2710 nocte
2506 2643 2796 2710 secabat.

1054 2769 1341 2854 Namque
1370 2813 1387 2843 ,
1429 2783 1500 2829 ut
1542 2764 1633 2831 ab
1665 2765 1967 2830 Euandro
2007 2768 2234 2830 castris
2277 2769 2594 2856 ingressus
2627 2767 2947 2841 EtrusciS,

1052 2887 1289 2976 Regem
1329 2885 1495 2962 adit,
1544 2905 1609 2949 et
1650 2889 1786 2977 regi
1829 2901 2131 2950 memorat
2173 2907 2524 2975 nomenque
2563 2904 2934 2978 genusque;

1049 3003 1351 3092 Quidque
1392 3023 1601 3092 petat,
1643 3005 1932 3094 quidque
1967 3009 2099 3093 ipse
2139 3003 2338 3084 ferat;
2380 3008 2736 3069 Mezentius
2775 3026 2949 3067 arma

1050 3127 1225 3204 Quae
1260 3123 1386 3188 sibi
1422 3123 1764 3202 conciliet,
1803 3127 2210 3214 violentaque
2255 3143 2514 3214 pectora
2557 3127 2794 3202 Turni,

1053 3240 1331 3322 Edocet3
1373 3239 1663 3306 humanis
1702 3265 1870 3331 quae
1913 3249 1999 3308 sit
2039 3243 2274 3310 fiducia
2313 3244 2500 3310 rebus

955 3389 993 3396 ·-
1060 3359 1408 3438 Admonet,
1436 3363 1878 3450 immiscetque
1895 3365 2346 3451 preces.Haud
2378 3363 2443 3429 fit
2467 3385 2670 3444 mora;
2701 3361 2949 3428 Tarcho

1050 3483 1275 3570 Iungit
1320 3501 1508 3566 opes,
1550 3478 1906 3571 foedusque
1947 3481 2132 3548 ferit:
2173 3503 2300 3549 tum
2341 3485 2546 3550 libera
2587 3483 2708 3550 fati

1051 3593 1327 3666 Classem
1368 3602 1738 3667 conscendit
1783 3607 1966 3667 iussis
2007 3615 2159 3696 g'ens
2203 3603 2406 3694 Lydia
2445 3602 2693 3683 diviim,

1054 3725 1338 3786 Externo
1376 3726 1706 3788 commissa
1744 3723 1926 3788 duci.
1974 3730 2216 3789 Aeneia
2258 3725 2491 3811 puppis

1053 3843 1259 3904 Prima
1298 3861 1506 3920 tenet,
1550 3861 1760 3908 rostro
1803 3841 2121 3936 Phrygios
2158 3843 2499 3908 subiuncta
2537 3842 2780 3906 leones:

1054 3959 1347 4024 Imminet
1388 3961 1502 4028 Ida
1534 3985 1722 4053 super
1745 4011 1764 4043 ‚
1805 3962 2092 4056 profugis
2134 3966 2502 4056 gratissima
2540 3965 2834 4027 Teucris.
