3400 5175
885 716 1348 774 Anumnos
1415 716 1773 775 LIB.V1.
1896 720 2053 799 719
2240 722 2341 799 29

448 852 756 917 Sublimes
797 853 1074 926 animas,
1117 850 1484 937 iterumque
1528 854 1594 913 iu
1638 850 1819 915 tarda
1862 854 2101 915 reverti

443 962 763 1057 Corpora?
801 990 965 1057 quae
1003 967 1171 1031 lucis
1215 970 1461 1032 miseris
1506 987 1629 1033 tam
1672 970 1825 1034 dira·
1854 962 2145 1057 cupido?

443 1093 660 1151 Dicam
703 1086 1040 1174 equidem3
1084 1109 1197 1150 nec
1225 1102 1290 1149 te
1329 1112 1732 1175 suspensum,
1776 1109 1959 1169 nate,
2000 1087 2269 1153 tenebor

443 1209 722 1293 Suscipit
769 1204 1118 1283 Anchises,
1156 1224 1352 1294 atque
1393 1206 1618 1270 ordine
1657 1209 1917 1299 singula
1962 1207 2223 1296 pandit.

538 1328 870 1413 Principio
901 1326 1151 1389 caelum
1185 1349 1258 1390 ac
1295 1346 1529 1405 terrae,
1558 1348 1945 1416 camposque
1986 1327 2344 1415 liquentes,

445 1450 918 1533 Lucentemqne
954 1444 1215 1535 globum
1257 1445 1479 1522 lunae,
1523 1447 1918 1533 Titaniaque
1961 1461 2161 1521 astra,

442 1566 720 1650 Spiritus
762 1567 938 1627 intus
982 1564 1140 1639 alit,
1181 1580 1512 1651 totamque
1554 1561 1769 1628 infusa
1812 1588 1923 1652 per
1964 1584 2139 1629 artus

442 1688 620 1747 Mens
661 1686 874 1773 agitat
917 1681 1179 1761 molem,
1217 1700 1280 1746 et
1323 1706 1551 1774 magno
1592 1706 1657 1748 se
1699 1708 1963 1773 corpore
2008 1689 2263 1751 miscet.

441 1802 594 1866 Inde
607 1799 936 1865 hominum
953 1798 1402 1889 pecudumque
1414 1825 1643 1892 genus,
1658 1807 1959 1892 vitaeque
1975 1803 2301 1870 volantum
2320 1852 2337 1881 ‚

441 1926 520 1985 Et
560 1943 732 2010 quae
775 1942 1126 1984 marmoreo
1165 1916 1288 1983 fert
1316 1936 1592 1984 monstra
1619 1920 1738 1987 sub
1767 1944 2041 2011 aequore
2078 1907 2337 2011 pontus.

435 2043 674 2131 Igneus
713 2061 808 2103 est
851 2041 998 2105 ollis
1041 2044 1258 2130 vigor,
1297 2057 1362 2102 et
1403 2039 1698 2104 caelestis
1739 2044 1925 2131 origo

439 2158 834 2238 Seminibus,
876 2180 1192 2251 quantum
1229 2180 1354 2223 non
1395 2164 1589 2224 noxia
1624 2184 1892 2249 corpora
1934 2159 2225 2240 tardant,

436 2280 829 2369 Terrenique
869 2278 1176 2345 hebetant
1214 2296 1427 2359 artus,
1473 2282 1975 2370 moribundaque
2020 2281 2295 2346 membra
2321 2326 2337 2343 .

439 2397 601 2463 Hinc
617 2401 1382 2487 metuunt,cupiuntque;
1407 2399 1645 2479 dolent,
1661 2402 2101 2493 gaudentque3
2118 2422 2325 2489 neque
2350 2426 2535 2469 aurat

445 2512 816 2606 Dispiciunt
858 2516 1110 2583 clausae
1149 2516 1434 2581 tenebris
1473 2536 1534 2581 et
1577 2540 1831 2582 carcere
1872 2540 2101 2581 caeco.

440 2643 606 2717 Quin
649 2655 713 2701 et
757 2660 1050 2725 supremo
1091 2662 1285 2729 quum
1328 2639 1568 2702 lumine
1611 2641 1747 2700 vita
1794 2638 2097 2724 reliquit,

435 2761 580 2822 Non
625 2778 830 2823 tamen
854 2781 1038 2822 omne
1067 2758 1294 2822 malum
1325 2759 1572 2823 miseris
1593 2804 1609 2832 ‚
1641 2779 1755 2820 uec
1798 2753 2092 2820 funditus
2130 2741 2341 2819 omues

443 2881 802 2965 Corporeae
843 2877 1162 2942 excedunt
1205 2895 1446 2966 pestes:
1493 2878 1880 2966 penitusque
1924 2897 2175 2939 necesse
2216 2895 2311 2939 est

441 2999 654 3062 Multa
695 2998 808 3063 diu
851 3015 1150 3062 concreta
1190 2998 1388 3062 modis
1431 2995 1776 3060 inolescere
1818 2997 2030 3059 miris·

442 3121 609 3208 Ergo
649 3137 1032 3182 exercentur
1075 3119 1324 3205 poeniS,
1365 3136 1787 3205 veterumque
1830 3116 2133 3180 malorum

443 3237 776 3325 Supplicia
817 3236 1220 3324 expendunt.
1263 3235 1446 3300 Aliae
1483 3236 1857 3324 panduntur
1899 3240 2114 3300 inanes

445 3363 794 3444 Suspensae
838 3357 918 3422 ad
959 3373 1214 3421 ventos:
1262 3355 1410 3419 aliis
1452 3355 1571 3420 sub
1613 3361 1876 3448 gurgite
1916 3373 2099 3422 vasto

443 3471 762 3540 Infectam
802 3476 1048 3538 eluitur
1087 3475 1320 3553 seclae,
1362 3493 1470 3538 aut
1512 3481 1811 3540 exuritur
1854 3479 2021 3568 igni:

443 3597 655 3659 Donec
701 3594 893 3686 longa
938 3595 1114 3672 diez,
1157 3591 1446 3681 perfecto
1480 3597 1785 3682 temporis
1823 3595 2012 3672 orbe,

447 3717 822 3778 Concretam
864 3717 1102 3778 exemit
1141 3712 1386 3792 labem,
1429 3737 1787 3802 purumque
1831 3715 2099 3800 reliquit

445 3832 820 3898 Aetherium
863 3856 1142 3914 sensum,
1185 3851 1382 3922 atque
1423 3839 1605 3896 aura'i
1648 3831 1960 3918 simplicis
1998 3831 2241 3920 ignem.

444 3957 730 4041 Quisque
769 3975 916 4017 euos
956 3954 1237 4039 patimur
1279 3957 1539 4018 Manes:
1581 3949 1817 4016 exinde
1861 3971 1974 4038 per
2014 3949 2292 4037 amplum

443 4076 768 4137 Mittimur
809 4072 1138 4162 Elysium,
1180 4090 1243 4136 et
1287 4075 1490 4162 pauci·
1511 4072 1686 4139 laeta
1730 4093 1878 4136 arva
1920 4085 2240 4134 tenemus.
