3400 5175
906 594 1364 651 Anxurnos
1432 596 1605 649 mn.
1672 596 1800 650 rx.
1893 575 2051 651 663
2185 601 2336 677 119

454 736 735 812 Quantus
774 726 857 790 ab
892 752 1121 793 occasu
1163 731 1456 806 veniens,
1499 727 1895 815 pluvialibus
1935 728 2170 793 Haedis
2197 776 2214 807 ,

458 850 761 914 Verberat
801 847 1005 912 imber
1052 846 1345 913 humum:
1370 870 1559 935 quam
1594 848 1792 911 multa
1823 848 2135 939 grandine
2154 849 2354 913 nimbi

464 971 535 1031 In
563 968 725 1033 vada
754 970 1229 1055 praecipitant3
1262 989 1455 1056 quum
1482 968 1774 1055 Iuppit⁰er
1801 964 2100 1033 horridus
2125 971 2358 1032 austris

462 1092 738 1177 Torquet
764 1110 1065 1177 aquosam
1078 1086 1343 1152 hiemem
1366 1134 1385 1164 ,
1402 1106 1465 1150 et
1482 1088 1663 1149 caelo
1682 1106 1838 1151 cava
1858 1086 2084 1151 nubila
2097 1092 2332 1175 rumpit
2349 1134 2365 1150 .

558 1206 883 1273 Pandarus
923 1224 987 1270 et
1032 1208 1268 1283 Bitias,
1312 1206 1505 1271 Idaeo
1545 1206 1856 1269 Alcanore
1889 1211 2086 1286 creti,

463 1330 626 1405 Quos
664 1329 837 1389 Iovis
876 1324 1103 1389 eduxit
1146 1324 1293 1388 luco
1337 1326 1649 1390 silvestris
1702 1328 1882 1389 Iaera
1911 1372 1931 1403 ,

461 1442 801 1508 Abietibus
840 1446 1103 1507 iuvenes
1146 1447 1373 1530 patriis
1415 1464 1477 1507 et
1521 1443 1838 1507 montibus
1877 1466 2143 1532 aequos,

464 1566 749 1637 Portam,
793 1584 958 1649 quae
1000 1560 1185 1627 ducis
1226 1565 1497 1649 imperio
1538 1565 1902 1639 commissa,
1941 1561 2284 1627 recludunt

460 1678 627 1743 Preti
670 1682 890 1757 armis,
933 1679 1233 1769 ultroque
1276 1684 1553 1745 invitant
1597 1682 1921 1746 moenibus
1961 1680 2246 1745 hostem.

459 1802 589 1887 Ipsi
630 1804 805 1863 intus
843 1799 1072 1864 dextra
1112 1822 1185 1865 ac
1224 1801 1409 1866 laeva
1452 1822 1565 1887 pro
1609 1799 1892 1866 turribus
1933 1800 2181 1864 adstant

464 1922 705 1983 Armati
748 1915 917 1983 ferro
942 1966 961 1997 ,
996 1937 1059 1984 et
1097 1924 1309 1985 cristis
1350 1922 1566 2007 capita
1607 1920 1740 1984 alta
1783 1923 2063 1985 corusci:

462 2037 695 2119 Quales
734 2040 943 2102 aeriae
978 2040 1301 2127 liquentia
1335 2038 1597 2103 flumina
1634 2044 1906 2115 circum,

468 2161 613 2220 Sive
656 2158 811 2221 Padi
858 2160 1049 2245 ripis,
1094 2158 1379 2223 Athesim
1420 2183 1530 2224 seu
1572 2176 1834 2248 propter
1871 2176 2236 2237 amo‘enum,

460 2284 863 2371 Consurgunt
904 2282 1192 2371 geminae
1230 2302 1543 2370 quercus,
1586 2284 1968 2367 intonsaque
2009 2278 2191 2345 caelo

470 2401 795 2464 Attollunt
836 2404 1085 2487 capita,
1126 2419 1190 2464 et
1231 2399 1489 2466 sublimi
1534 2404 1778 2464 vertice
1829 2416 2100 2463 nutant.

468 2524 873 2608 Inrumpunt,
914 2520 1127 2584 aditus
1168 2520 1399 2583 Rutuli
1443 2538 1515 2581 ut
1554 2520 1774 2584 videre
1817 2536 2108 2606 patentes
2135 2562 2150 2577 .

470 2643 785 2704 Continuo
828 2645 1177 2720 Quercens,
1220 2658 1283 2702 et
1323 2638 1595 2726 pulcher
1630 2639 1978 2726 Aquicolus
2015 2639 2237 2710 armis,

472 2763 549 2822 Et
588 2783 893 2848 praeceps
932 2765 1124 2825 animi
1162 2763 1461 2836 Tmarus,
1503 2775 1565 2820 et
1606 2758 1967 2820 Mavortius
2009 2758 2330 2830 Haemon,

483 2881 859 2970 Agminibus
901 2883 1055 2944 totis
1094 2899 1207 2944 aut
1260 2881 1429 2942 versi
1472 2895 1653 2964 terga
1696 2871 1962 2950 dedere,

477 3003 599 3061 Aut
640 3002 783 3085 ipso
818 3017 1043 3085 portae
1084 3020 1349 3086 posuere
1394 3001 1456 3059 in
1498 2995 1720 3058 limine
1759 2995 1994 3055 vitam.

476 3119 633 3181 Tum
677 3122 878 3208 magis
916 3122 1277 3182 increscunt
1324 3117 1551 3178 animis
1590 3111 1990 3177 discordibus
2032 3113 2194 3186 irae,

482 3241 559 3300 Et
598 3243 721 3302 iam
763 3239 1021 3303 collecti
1062 3241 1259 3300 Troes
1301 3236 1734 3326 glomerantur
1775 3231 2028 3310 eodem,

488 3355 563 3420 Et
602 3355 891 3422 conferre
928 3379 1172 3421 manum
1197 3403 1214 3432 ‚
1254 3376 1318 3420 et
1360 3376 1734 3443 procurrere
1773 3353 2030 3442 longius
2071 3349 2346 3414 audent.

582 3479 853 3540 Ductori
897 3480 1150 3553 Turno,
1194 3474 1447 3539 diversa
1487 3476 1553 3536 in
1597 3489 1778 3558 parte
1815 3468 2100 3546 furenti,

490 3597 937 3684 Turbantique
976 3600 1187 3672 viros,
1228 3591 1551 3681 perfertur
1592 3594 1892 3664 nuntius,
1933 3588 2172 3653 hostem

490 3715 751 3780 Fervete
790 3713 986 3779 caede
1025 3737 1222 3791 nova,
1262 3733 1321 3776 et
1366 3730 1579 3800 portas
1620 3709 1924 3797 praebere
1963 3727 2289 3794 patentes.

492 3835 739 3899 Deserit
782 3838 1111 3920 inceptum
1142 3882 1159 3910 ,
1194 3849 1392 3920 atque
1433 3833 1696 3894 immani
1733 3831 2022 3892 concitus
2061 3830 2156 3890 ira

486 3955 864 4020 Dardaniam
904 3956 1033 4017 ruit
1072 3952 1157 4017 ad
1200 3970 1483 4040 portam,
1525 3946 1875 4036 fratresque
1915 3935 2251 4034 superbos:
