3400 5175
948 577 1106 680 '16
1627 628 1702 681 Ρ.
1788 628 2331 683 v1R01L11
2566 606 2727 683 355

1089 764 1290 825 vexit
1337 782 1430 825 me
1471 761 1797 825 violentus
1838 783 2037 848 aqua:
2081 765 2191 825 vix
2234 763 2472 825 lumine
2508 781 2738 849 quarto

1094 884 1400 967 Prospexi
1445 881 1735 956 Italiam,
1776 904 2013 943 summa
2053 881 2343 945 sublimis
2386 882 2467 946 ab
2506 882 2705 947 unda.

1089 1000 1436 1092 Paullatim
1479 998 1783 1063 adnabam
1830 1018 2071 1063 terrae:
2117 1004 2239 1063 iam
2282 1018 2423 1063 tnta
2461 1000 2783 1065 tenebam:

1086 1120 1184 1181 ‘Ni
1221 1140 1376 1207 gens
1413 1119 1693 1181 crudelis
1734 1116 1983 1181 madida
2025 1137 2167 1179 cum
2208 1135 2380 1179 veste
2420 1138 2788 1208 gravatum,

1096 1240 1627 1324 Prensantemque
1667 1240 1849 1300 uncis
1890 1234 2173 1297 manibus
2213 1239 2431 1322 capita
2470 1260 2687 1323 aspera
2726 1240 2957 1300 montis

1097 1362 1292 1419 Ferro
1333 1359 1698 1431 invasisset,
1742 1354 2167 1443 praedamque
2208 1359 2428 1447 ignara
2464 1374 2777 1442 putasset.

1093 1478 1280 1539 'Nunc
1321 1498 1417 1539 me
1459 1472 1691 1539 fluctus
1734 1472 1970 1552 habet,
2012 1495 2395 1563 versantque
2436 1479 2501 1540 in
2540 1477 2731 1541 litore
2767 1480 2985 1541 venti.

1093 1593 1278 1673 Quod
1323 1610 1386 1657 te
1427 1616 1536 1679 per
1574 1594 1741 1658 caeli
1782 1592 2130 1658 iucundum
2175 1595 2421 1672 lumen,
2459 1612 2525 1658 et
2565 1618 2787 1672 auras,

1099 1716 1217 1775 Per
1255 1716 1610 1802 genitorem
1650 1735 1796 1789 oro,
1838 1735 1948 1797 per
1988 1736 2128 1797 spes
2167 1715 2485 1803 surgentis
2528 1715 2691 1788 Iuli;

1101 1836 1294 1919 Eripe
1333 1854 1430 1895 me
1472 1830 1604 1907 his,
1647 1832 1923 1907 invicte,
1966 1834 2173 1897 malis:
2218 1852 2325 1895 aunt
2368 1850 2437 1896 tu
2477 1830 2633 1897 mihi
2682 1852 2903 1895 terram

1101 1955 1335 2049 Iniice,
1377 1974 1643 2038 namque
1684 1968 1894 2038 potes;
1938 1970 2286 2040 portusque
2326 1955 2576 2039 require
2618 1952 2901 2015 Velinos.

1105 2075 1235 2133 Aut
1278 2089 1386 2147 tu,
1427 2074 1480 2133 si
1521 2093 1650 2158 qua
1691 2074 1798 2135 via
1836 2090 1968 2149 est,
2010 2077 2063 2135 si
2104 2096 2297 2160 quam
2338 2071 2463 2135 tibi
2506 2070 2659 2135 diva
2700 2073 2984 2134 creatrix

1101 2190 1397 2254 Ostendit
1437 2184 1692 2278 (neque
1730 2194 1893 2255 enim
1938 2189 2129 2257 credo
2170 2194 2303 2253 sine
2345 2194 2597 2253 numine
2638 2185 2855 2252 divfim

1097 2310 1399 2397 Flumina
1437 2327 1616 2373 tanta
1657 2334 1837 2397 paras
1880 2314 2302 2401 Stygiamque
2347 2314 2569 2375 innare
2610 2304 2993 2395 paludem),

1103 2432 1202 2491 Da
1240 2427 1530 2493 dextram
1572 2432 1836 2506 misero,
1878 2448 1943 2493 et
1986 2448 2191 2492 tecum
2234 2450 2329 2492 me
2370 2429 2525 2491 tolle
2568 2447 2680 2512 per
2718 2425 2954 2503 undas;

1103 2546 1376 2614 Sedibus
1415 2567 1485 2612 ut
1528 2548 1751 2620 saltem
1792 2547 2062 2635 placidis
2102 2553 2167 2614 in
2210 2566 2408 2613 morte
2447 2550 2801 2636 quiescam.

1105 2667 1297 2731 Talia
1339 2663 1510 2731 fatus
1547 2684 1719 2742 erat,
1758 2669 1973 2753 coepit
2018 2689 2213 2755 quum
2258 2669 2415 2731 talia
2457 2685 2664 2731 vates:

1106 2787 1287 2850 Vnde
1330 2783 1514 2864 haec,
1554 2809 1592 2849 o
1636 2787 1963 2863 Palinure,
2004 2783 2131 2848 tibi
2171 2802 2295 2846 tam
2336 2782 2478 2846 dira
2516 2775 2798 2868 cupido?

1103 2909 1205 2968 Tu
1243 2907 1504 2994 Stygias
1545 2903 1915 2968 inhumatus
1954 2925 2191 2990 aquas,
2230 2923 2599 2988 amnemque
2638 2923 2925 2964 severum

1104 3022 1528 3086 Eumenidum
1570 3021 1918 3108 adspicies,
1959 3024 2239 3106 ripamve
2281 3023 2557 3085 iniussus
2597 3013 2851 3084 adibis?

1105 3143 1340 3202 Desine
1382 3137 1517 3204 fata
1554 3135 1739 3204 deum
1776 3137 1950 3204 flecti
1990 3162 2240 3225 sperare
2279 3139 2634 3226 precando·

1107 3254 1229 3321 Sed
1269 3281 1430 3343 cape
1471 3259 1650 3322 dicta
1689 3281 1957 3337 memor,
1998 3259 2145 3323 duri
2186 3261 2417 3324 solatia
2458 3283 2670 3323 casus.

1109 3381 1266 3440 Nam
1310 3397 1424 3441 tua
1466 3376 1759 3457 finitimi,
1802 3380 1989 3469 longe
2033 3377 2295 3466 lateque
2328 3399 2439 3465 per
2480 3375 2665 3440 urbes

1106 3495 1429 3587 Prodigiis
1472 3501 1603 3560 acti
1641 3497 2063 3576 caelestibus,
2104 3521 2243 3562 ossa
2280 3497 2587 3584 piabunt;

1111 3621 1190 3678 Et
1227 3635 1511 3682 statuent
1551 3619 1901 3694 tumulum,
1940 3634 2003 3681 et
2046 3618 2291 3681 tumulo
2332 3617 2661 3680 sollemnia
2700 3615 3001 3687 mittent,

1045 3729 1048 3732 ⁴
1107 3741 1581 3824 Aeternumque
1621 3736 1799 3802 locus
1841 3737 2131 3800 Palinuri
2171 3759 2391 3800 nomen
2432 3732 2731 3798 habebit.

1107 3857 1224 3917 His
1265 3855 1456 3920 dictis
1498 3879 1689 3921 curae
1728 3874 2007 3933 emotae,
2052 3856 2401 3943 pulsusque
2444 3873 2779 3939 parumper

1107 3974 1310 4038 Corde
1349 3975 1528 4040 dolor
1571 3979 1777 4041 tristi:
1822 3975 2063 4067 gaudet
2102 3975 2473 4066 cognomine
2516 3991 2713 4036 terra.
