3400 5175
943 676 1105 757 204
1584 682 1656 733 ι’.
1719 680 2232 736 v1n01L11
2517 663 2680 743 300

1029 814 1313 896 Occupat
1360 832 1427 873 os
1464 806 1768 875 flammis:
1815 812 1930 878 olli
1973 817 2195 905 ingens
2231 812 2425 880 barba
2471 820 2750 901 reluxit,

1026 927 1457 1015 Nidoremque
1496 929 1784 994 ambusta
1819 930 2026 995 dedit:
2067 954 2256 1021 super
2295 938 2432 1021 ipse
2469 958 2780 1025 sequutus

1032 1050 1385 1111 Caesar-iem
1427 1046 1608 1112 laeva
1650 1048 1898 1114 turbati
1937 1054 2207 1139 corripit
2251 1052 2482 1133 hostis,

1033 1169 1469 1254 Impressoque
1506 1189 1672 1257 genu
1710 1172 1914 1232 nitens
1949 1187 2155 1234 terrae
2195 1172 2485 1259 applicat
2525 1175 2756 1261 ipsumg

1032 1287 1138 1346 Sic
1180 1284 1403 1375 rigida
1432 1284 1604 1349 latus
1643 1308 1787 1349 ense
1831 1283 2012 1350 serit.
2068 1289 2422 1354 Podalirius
2467 1292 2680 1355 Alsum

1030 1406 1385 1480 Pastorem,
1428 1408 1762 1493 primaque
1804 1409 1941 1470 acie
1982 1429 2092 1493 per
2133 1408 2267 1472 tela
2307 1430 2630 1486 ruentem,

1036 1526 1201 1585 Ense
1240 1545 1507 1611 sequens
1548 1524 1718 1589 nudo
1754 1528 2260 1611 superimminet:
2303 1526 2415 1590 ille
2453 1530 2660 1591 securi

1032 1638 1301 1704 Adversi
1343 1638 1610 1707 frontem
1650 1642 1915 1708 mediam
1959 1660 2367 1731 mentumque
2407 1643 2673 1715 reducta

1034 1763 1330 1839 Disiicit,
1370 1781 1431 1825 et
1472 1784 1691 1849 sparso
1727 1762 1856 1827 late
1895 1766 2066 1853 rigat
2107 1786 2276 1828 arma
2315 1785 2570 1836 eruore.

1034 1879 1167 1942 olli
1207 1878 1365 1944 dura
1406 1884 1591 1969 quies
1626 1882 1846 1946 oculos
1885 1899 1949 1945 et
1985 1880 2228 1947 ferreus
2265 1901 2450 1974 urget

1032 2001 1333 2076 Somnus3
1376 2002 1443 2062 in
1482 2016 1802 2063 aeternam
1839 1999 2225 2063 clauduntur
2263 2000 2506 2063 lumina
2542 2018 2820 2064 noctem.

1036 2123 1123 2180 At
1160 2119 1304 2203 pius
1348 2122 1591 2182 Aeneas
1624 2117 1906 2183 dextram
1947 2117 2247 2181 tendebat
2289 2122 2591 2180 inermem

1035 2235 1295 2303 Nudato
1331 2240 1579 2324 capite,
1625 2255 1822 2327 atque
1861 2258 2004 2301 suos
2044 2236 2318 2301 elamore
2358 2233 2662 2299 vocabat:

1035 2362 1175 2436 Quo
1216 2350 1446 2421 ruitis?
1486 2380 1731 2445 quaeve
1773 2359 1894 2421 ista
1935 2378 2154 2443 repens
2191 2354 2510 2419 discordia
2553 2344 2809 2444 surgit?

1033 2479 1089 2537 Ο
1130 2473 1429 2540 cohibete
1470 2471 1623 2539 iras!
1666 2479 1861 2541 ictum
1905 2478 2024 2537 iam
2073 2472 2321 2552 foedus,
2359 2492 2422 2536 et
2465 2494 2674 2536 omnes

1034 2562 1435 2682 compositae
1470 2595 1677 2687 leges:
1729 2593 1882 2660 mihi
1927 2598 2024 2658 ius
2062 2615 2436 2657 concurrere
2477 2593 2630 2659 soli:

1034 2718 1142 2778 Me
1180 2717 1406 2794 sinite,
1446 2735 1643 2804 atque
1682 2712 1929 2779 auferte
1971 2731 2208 2777 metus.
2245 2717 2381 2803 Ego
2419 2708 2678 2776 foedera
2719 2706 2866 2773 faxo

1037 2836 1247 2899 Firma
1286 2859 1505 2900 manu:
1541 2841 1822 2899 Turnum
1867 2831 2098 2899 debent
2143 2831 2298 2896 haec
2337 2835 2460 2896 iam
2502 2828 2659 2894 mihi
2699 2850 2905 2893 sacra.

1040 2959 1169 3018 Has
1208 2958 1375 3018 inter
1411 2977 1631 3032 voces,
1672 2951 1878 3017 media
1917 2957 2086 3016 inter
2127 2949 2280 3014 talia
2321 2949 2544 3024 verba,

1036 3075 1240 3150 Ecce,
1278 3075 1417 3136 viro
1459 3071 1732 3136 stridens
1773 3072 1890 3134 alis
1931 3070 2190 3157 adlapsa
2231 3072 2466 3160 sagitta
2509 3085 2634 3146 est,

1033 3193 1357 3254 Incertum
1397 3212 1525 3279 qua
1564 3191 1744 3277 pulsa
1787 3195 2004 3268 manu,
2045 3211 2172 3278 quo
2209 3187 2464 3264 turbine
2503 3185 2756 3264 adacta3

1033 3311 1191 3390 Quis
1230 3327 1470 3372 tantam
1514 3309 1779 3372 Rutulis
1813 3309 2092 3385 laudem,
2129 3329 2428 3382 casusne,
2467 3305 2730 3382 deusne,

1036 3428 1381 3492 Attulerit.
1424 3432 1633 3492 Pressa
1672 3445 1770 3490 est
1815 3431 2080 3518 insignis
2121 3428 2326 3517 gloria
2364 3423 2558 3489 facti:

1034 3548 1169 3610 Nec
1210 3567 1341 3609 sese
1385 3549 1637 3610 Aeneae
1676 3549 1948 3610 iactavit
1988 3546 2254 3610 vulnere
2295 3549 2664 3633 quisquam.

1035 3668 1326 3739 Turnus,
1368 3683 1438 3728 ut
1479 3670 1738 3730 Aenean
1775 3665 2100 3730 cedentem
2143 3688 2219 3729 ex
2265 3668 2514 3755 agmine
2555 3661 2754 3738 vidit,

1038 3783 1481 3874 Turbatosque
1517 3785 1743 3863 duces,
1781 3785 1997 3851 subita
2035 3808 2144 3872 spe
2181 3781 2466 3848 fervidus
2507 3781 2718 3844 ardet:

1037 3906 1249 3967 Poscit
1292 3927 1519 3992 equos,
1562 3923 1758 3993 atque
1797 3924 1966 3968 arma
2004 3903 2224 3980 simul,
2261 3903 2562 3988 saltuque
2605 3895 2918 3985 superbus

1035 4024 1281 4087 Emicat
1322 4025 1389 4086 in
1429 4045 1715 4102 currum,
1759 4042 1821 4085 et
1863 4022 2148 4088 manibus
2189 4021 2450 4088 molitur
2489 4015 2799 4082 habenas.
