3400 5175
922 508 1385 567 autumnos
1441 506 1615 559 ΜΒ.
1678 505 1848 559 xn.
1961 481 2114 557 160
2249 506 2395 583 ¹99

517 654 863 722 Incertam,
904 662 971 707 et
1014 644 1186 705 tristi
1227 639 1545 703 turbatam
1586 612 1854 701 vulnere
1896 630 2156 699 me‘ntis.

614 770 865 829 Interea
906 784 1119 851 reges,
1162 760 1411 849 ingenti
1452 757 1614 821 mole
1653 760 1916 819 Latinus

518 884 920 972 Quadriiugo
956 878 1222 944 vehitur
1262 900 1489 953 curru,
1530 880 1637 940 cui
1680 894 1966 961 tempora
2009 877 2252 939 circum
2305 864 2359 921 &r

519 1005 755 1067 Aurati
792 1000 891 1067 his
928 1022 1039 1062 sex
1082 996 1247 1061 radii
1286 994 1615 1085 fulgentia
1655 996 1962 1083 cingunt,

520 1121 688 1185 Solis
727 1122 833 1183 avi
874 1119 1225 1204 specimen:
1268 1114 1439 1205 bigis
1479 1116 1532 1176 it
1575 1117 1830 1176 Turnus
1869 1114 1936 1173 in
1979 1108 2176 1187 albis,

525 1238 683 1299 Bina
722 1256 908 1297 manu
947 1233 1078 1295 lato
1116 1234 1399 1317 crispans
1437 1228 1706 1295 hastilia
1748 1228 1950 1295 ferro.

522 1354 689 1417 Hinc
730 1368 911 1439 pater
954 1355 1222 1426 Aeneas,
1268 1352 1585 1414 Romanae
1626 1352 1846 1436 stirpis
1888 1350 2100 1437 orig0,

526 1472 787 1537 Sidereo
824 1469 1097 1559 flagrans
1134 1469 1347 1555 clipeo
1388 1486 1454 1532 et
1492 1466 1880 1533 caelestibus
1922 1468 2146 1539 armis,

526 1596 609 1655 Et
655 1594 842 1653 iuxta
883 1591 1234 1663 Ascanius,
1276 1608 1539 1677 magnae
1576 1610 1716 1673 spes
1757 1546 2267 1657 altera‘RomaQ

524 1709 886 1779 Procedant
926 1710 1188 1783 castris,
1230 1728 1523 1794 puraque
1560 1709 1621 1769 in
1667 1723 1842 1769 veste
1885 1700 2177 1766 sacerdos

529 1830 845 1919 Saetigeri
882 1824 1081 1891 fetum
1120 1831 1285 1901 suis,
1322 1828 1765 1913 intonsamque
1804 1822 2166 1897 bidentem,

528 1950 809 2025 Attulit,
848 1945 1263 2031 admovitque
1304 1967 1497 2030 pecus
1528 1942 1948 2035 flagrantibus
1991 1942 2149 2003 aris.

530 2069 642 2133 Illi
684 2068 761 2131 ad
802 2068 1487 2157 surgentem-conversi
1523 2064 1765 2127 lumina
1799 2061 1993 2125 solem

532 2194 705 2253 Dant
749 2183 964 2276 fruges
998 2181 1285 2247 manibus
1320 2180 1551 2257 salsas,
1591 2198 1653 2242 et
1696 2197 1985 2263 tempora
2028 2168 2196 2235 ferro

534 2312 785 2372 Summa
825 2322 1053 2369 notant
1091 2300 1445 2391 pecudum,
1484 2299 1854 2383 paterisque
1893 2292 2122 2355 altaria
2160 2288 2406 2351 libant.

534 2432 697 2491 Tum
735 2428 881 2512 pius
920 2427 1161 2486 Aeneas
1198 2420 1427 2482 stricto
1467 2418 1557 2479 sic
1598 2435 1742 2476 ense
1785 2384 2118 2499 precatur:

536 2551 693 2612 Esto
730 2566 897 2610 nunc
936 2542 1043 2607 Sol
1084 2542 1297 2616 testis,
1340 2553 1406 2602 et
1442 2532 1595 2599 haec
1632 2529 1793 2598 mihi
1835 2534 2032 2592 Terra
2072 2525 2364 2602 vocanti,

533 2671 731 2748 Quam
768 2680 1029 2752 propter
1068 2677 1283 2723 tantos
1324 2655 1505 2742 potui
1544 2645 1829 2736 perferre
1867 2644 2146 2719 labores,

536 2789 623 2850 Et
664 2787 855 2846 Pater
892 2781 1323 2865 omnipotens,
1359 2790 1423 2837 et
1470 2788 1543 2833 tu
1586 2767 1888 2830 Saturnia
1928 2767 2128 2838 Imm,

533 2907 671 2970 Iam
686 2902 935 2976 melior,
956 2901 1081 2962 iam
1101 2945 1119 2974 ‚
1144 2896 1329 2972 diva,
1356 2903 1843 2981 precox-nuque
1874 2881 2122 2970 inclyte
2143 2839 2417 2966 Maspm,

541 3028 786 3089 Cuncta
827 3038 941 3084 tuo
978 3021 1094 3105 qui
1130 3015 1347 3090 bella,
1388 3030 1606 3098 pater,
1648 3004 1766 3069 sub
1805 3003 2059 3068 numine
2103 3016 2390 3084 torques:

541 3147 937 3228 Fontesque,
979 3137 1369 3223 Fluviosque
1402 3151 1598 3205 voc0‚
1634 3144 1932 3214 quaeque
1975 3115 2271 3182 Aetheris
2303 3115 2426 3178 alti

544 3261 871 3350 Relligio,
908 3277 973 3321 et
1012 3277 1181 3346 quae
1220 3249 1523 3319 caeruleo
1565 3262 1712 3310 sunt
1754 3243 2012 3307 numina
2049 3253 2275 3326 ponto:

544 3381 821 3443 cesserit
861 3378 1143 3439 Ausonio
1182 3381 1234 3436 si
1274 3370 1405 3436 fors
1448 3367 1726 3432 victoria
1767 3366 2020 3436 Turno;

546 3496 859 3559 Convenit
903 3493 1179 3556 Euandri
1221 3494 1429 3555 victos
1466 3485 1793 3553 discedere
1834 3483 1914 3546 ad
1961 3477 2218 3553 urbem;

546 3613 747 3680 Cedet
786 3613 965 3677 Iulus
1004 3615 1212 3702 agris;
1258 3631 1372 3673 nec
1414 3625 1554 3695 post
1592 3627 1764 3669 arma
1804 3601 1939 3664 ulla
1980 3595 2250 3662 rebelles

548 3731 881 3798 Aeneadae
916 3729 1228 3806 referent,
1270 3727 1521 3794 ferrove
1561 3725 1717 3790 haec
1759 3741 1960 3810 regna
1997 3715 2342 3779 lacessent.

550 3857 661 3917 Sin
700 3869 983 3917 nostrum
1022 3850 1320 3916 adnuerit
1359 3847 1541 3912 nobis
1580 3843 1874 3908 Victoria
1901 3850 2174 3928 'martem
