3400 5175
886 584 1040 663 190
1518 578 1592 632 ι’.
1672 576 2216 633 vrnolnrr
2465 556 2622 658 859

970 712 1383 798 Deprompsit
1424 708 1759 797 pharetra,
1797 730 2120 794 cornuque
2161 702 2402 771 infensa
2444 708 2756 790 tetendit,

974 836 1059 895 Et
1098 831 1289 895 duxit
1331 830 1558 920 longe,
1600 829 1799 892 donec
1839 844 2102 891 curvata
2139 828 2385 888 coirent

974 953 1153 1013 Inter
1191 970 1255 1010 se
1292 950 1545 1034 capita,
1586 964 1651 1010 et
1692 942 1982 1009 manibus
2025 948 2148 1007 iam
2194 960 2482 1035 tangeret
2526 948 2782 1034 aequis,

973 1072 1185 1131 Laeva
1227 1068 1423 1130 aciem
1468 1062 1655 1143 ferri,
1697 1065 1930 1129 dextra
1971 1084 2296 1150 nervoque
2334 1064 2674 1154 papillam.

972 1186 1317 1271 Extemplo
1358 1184 1474 1247 teli
1516 1183 1845 1248 stridorem
1885 1202 2196 1268 aurasque
2234 1198 2530 1245 sonantes

974 1304 1201 1366 Audiit
1246 1325 1370 1365 una
1414 1306 1682 1380 Arruns,
1723 1300 2059 1390 haesitque
2096 1303 2163 1365 in
2201 1322 2464 1387 corpore
2505 1298 2771 1365 ferrum.

878 1510 886 1515 .
970 1422 1163 1485 Illum
1210 1424 1638 1507 exspirantem
1680 1424 1837 1485 socii
1879 1439 2076 1507 atque
2115 1436 2398 1483 extrema
2439 1438 2788 1510 gementem

978 1540 1185 1606 obliti
1230 1543 1454 1631 ignoto
1495 1562 1856 1627 camporum
1900 1543 1966 1602 in
2005 1539 2270 1625 pulvere
2313 1538 2654 1627 linquuntt

974 1662 1131 1748 Opis
1169 1660 1246 1723 ad
1286 1658 1637 1723 aetherium
1682 1663 1902 1745 pennis
1942 1654 2226 1721 aufervur
2267 1658 2638 1745 Olympum.
2737 1688 2742 1695 ·

1068 1782 1278 1842 Prima
1318 1775 1524 1867 fugit,
1568 1779 1824 1842 domina
1867 1780 2127 1853 amissa,
2170 1776 2330 1839 levis
2365 1776 2471 1840 ala
2511 1774 2862 1855 Camillae·,

976 1894 1251 1959 Turbati
1292 1892 1557 1986 fugiunt
1598 1895 1862 1971 Rutuli;
1906 1891 2078 1985 fugit
2121 1914 2266 1959 acer
2306 1897 2567 1973 Atinas;

976 2016 1378 2102 Disiectique
1420 2012 1611 2078 duces
1652 2012 2058 2101 desolatique
2101 2012 2370 2100 manipli

978 2136 1149 2197 Tuta
1188 2150 1455 2220 petunt,
1498 2151 1561 2195 et
1600 2135 1782 2220 equis
1819 2136 2022 2196 aversi
2063 2132 2142 2197 ad
2187 2135 2427 2197 moenia
2470 2133 2770 2197 tendunt.

972 2254 1111 2316 Nec
1152 2253 1489 2339 quisquam
1545 2254 1854 2314 instantes
1895 2255 2172 2316 Teucros
2221 2252 2546 2339 letumque
2587 2249 2860 2317 ferentes

978 2374 1348 2434 Sustentare
1388 2370 1565 2433 valet
1606 2371 1788 2447 telis,
1829 2388 1938 2434 aut
1981 2376 2205 2434 sistere
2245 2387 2518 2435 contra:

980 2488 1099 2554 sed
1142 2490 1321 2553 laxos
1360 2485 1641 2552 referunt
1681 2487 1960 2553 humeris
1998 2488 2452 2580 languentibus
2493 2507 2710 2567 arcus;

976 2582 1601 2696 Quadrupedumque
1616 2631 1699 2695 pu
1710 2627 2062 2673 tremcureu
2078 2613 2292 2698 quatit
2311 2610 2552 2700 ungula
2571 2631 2860 2698 campum
2882 2655 2898 2674 .

976 2727 1283 2790 Volvitur
1327 2726 1405 2790 ad
1445 2749 1649 2791 muros
1690 2728 1970 2819 caligine
2010 2728 2304 2794 turbidus
2343 2752 2482 2794 atra

974 2847 1227 2924 Pulvis,
1272 2865 1335 2908 et
1376 2868 1410 2908 e
1454 2847 1728 2932 speculis
1765 2869 2102 2932 percussae
2144 2866 2402 2934 pectora
2445 2864 2675 2911 matres

973 2967 1339 3038 Femineum
1380 2964 1710 3038 clamorem
1754 2963 1831 3028 ad
1873 2967 2037 3029 caeli
2081 2967 2288 3031 sidera
2324 2967 2562 3030 tollunt
2587 3010 2603 3029 .

972 3083 1099 3166 Qui
1142 3100 1325 3141 cursu
1370 3097 1585 3164 portas
1628 3081 1818 3164 primi
1857 3081 2144 3170 irrupere
2181 3103 2498 3171 patentes,

970 3200 1104 3261 Hos
1144 3199 1405 3260 inimica
1442 3219 1631 3283 super
1676 3201 1876 3260 mixto
1923 3207 2154 3290 premit
2197 3207 2446 3292 agmine
2489 3201 2754 3267 turbat.

972 3319 1107 3382 Nec
1150 3319 1441 3380 miseram
1481 3313 1806 3406 effugiunt
1853 3341 2150 3399 mortem,
2193 3323 2300 3401 sed
2345 3323 2562 3386 limine
2601 3325 2862 3408 inipso,

976 3437 1320 3502 Moenibus
1358 3440 1423 3502 in
1466 3444 1730 3526 patriis,
1769 3459 1962 3528 atque
2005 3443 2171 3503 inter
2214 3459 2356 3502 tuta
2399 3438 2722 3503 domorum
2748 3485 2767 3515 ,

978 3553 1224 3620 Confixi
1262 3559 1590 3644 exspirant
1634 3562 1906 3622 animas.
1959 3561 2111 3622 Pars
2151 3557 2445 3621 claudere
2485 3578 2740 3644 portas;

974 3676 1111 3738 Nec
1152 3677 1341 3738 sociis
1378 3678 1627 3760 aperire
1668 3679 1870 3755 viam,
1909 3700 2022 3741 nec
2067 3677 2394 3742 moenibus
2427 3677 2664 3740 audent

973 3795 1285 3879 Accipere
1322 3812 1605 3856 orantes:
1650 3797 1990 3882 oriturque
2032 3801 2376 3861 miserrima
2417 3795 2640 3860 caedes

976 3908 1441 3977 Defendentutn
1480 3915 1671 3978 armis
1711 3913 1960 3996 aditus,
2005 3918 2203 4005 inque
2242 3939 2412 3982 arma
2451 3923 2782 3980 ruentun'r.
