3400 5175
887 574 1348 631 Aunnlnos
1413 577 1853 633 L13.v111.
1974 558 2121 636 551
2260 562 2363 665 87

483 716 724 774 Dantur
761 712 918 797 equi
963 712 1230 772 Teucris
1269 708 1602 798 Tyrrhena
1642 711 2007 797 petentibus
2046 737 2232 779 arva:

415 857 422 869 ·
488 837 733 895 Ducunt
772 848 1092 893 exsortem
1136 834 1426 905 Aeneae;
1470 852 1657 917 quem
1700 829 1875 895 fulva
1918 832 2121 897 leonis

489 930 672 1013 Pellis
710 948 847 1011 obit
895 966 1130 1023 totum,
1177 946 1586 1039 praefulgens
1629 950 1951 1040 unguibus
1988 957 2230 1017 aureis.

575 1074 760 1131 Fama
805 1070 980 1132 volat
1021 1090 1281 1153 parvam
1311 1067 1526 1131 subito
1567 1069 1833 1159 vulgata
1872 1094 1982 1159 per
2021 1072 2277 1151 urbem,

485 1192 669 1251 Ocius
713 1192 808 1249 ire
849 1188 1102 1273 equites
1144 1184 1460 1275 Tyrrheni
1498 1187 1576 1252 ad
1615 1189 1835 1252 limina
1877 1194 2072 1280 regis.

483 1311 640 1369 Vota
682 1325 855 1368 metu
903 1304 1235 1390 duplicant
1279 1326 1544 1383 matres,
1585 1310 1979 1396 propiusque
2020 1312 2261 1395 periclo

487 1430 542 1487 It
585 1430 816 1501 timor,
854 1444 918 1487 et
963 1427 1162 1486 maior
1201 1430 1421 1488 martis
1465 1429 1585 1488 iam
1631 1445 1895 1513 apparet
1935 1430 2179 1516 imago.

484 1548 636 1605 Tum
684 1563 867 1628 pater
911 1542 1245 1605 Euandrus
1287 1543 1580 1611 dextram
1607 1545 1990 1631 complexus
2030 1548 2239 1609 euntis

487 1670 752 1739 Haeret,
799 1664 1194 1751 inexpletum
1239 1664 1630 1751 lacrymans,
1674 1686 1748 1727 ac
1792 1664 1951 1727 talia
1993 1661 2201 1727 fatur:

485 1790 532 1847 Ο
575 1783 732 1847 mihi
775 1786 1152 1869 praeteritos
1198 1778 1432 1845 referat
1474 1785 1526 1843 si
1571 1786 1866 1869 Iuppiter
1903 1780 2132 1847 annos!

484 1904 702 1983 Qualis
739 1924 906 1963 eram
932 1948 950 1977 ,
977 1922 1171 1987 quum
1214 1903 1473 1986 primam
1503 1904 1696 1965 aciem
1734 1908 2067 1968 Praeneste
2093 1904 2209 1971 sub
2230 1910 2367 1993 ipsa

485 2025 730 2099 stravi,
774 2042 1226 2107 scutorumque
1267 2019 1519 2084 incendi
1555 2024 1763 2085 victor
1806 2042 2099 2101 acervos;

490 2148 566 2206 Et
608 2166 818 2233 regem
865 2141 983 2204 hac
1025 2141 1312 2205 Herilum
1357 2140 1580 2204 dextra
1622 2141 1741 2206 sub
1781 2146 2053 2206 Tartara
2094 2146 2265 2206 misi:

489 2266 790 2327 Nascenti
833 2265 941 2325 cui
980 2278 1106 2323 tres
1142 2265 1384 2323 animas
1423 2265 1690 2353 Feronia
1736 2283 1933 2327 mater

443 2382 884 2473 (Horrendum
927 2376 1158 2471 flictu)
1195 2380 1494 2458 dederat;
1538 2398 1717 2444 terna
1760 2405 1923 2443 arma
1966 2381 2307 2459 movenda,

488 2508 609 2565 Ter
649 2503 780 2565 leto
819 2500 1194 2564 sternendus
1232 2516 1398 2563 erat:
1445 2503 1550 2562 cui
1595 2520 1749 2563 tunc
1792 2521 1997 2565 tamen
2032 2524 2249 2614 fmnes

493 2621 773 2684 Abstulit
799 2618 956 2682 haec
990 2623 1224 2682 animas
1251 2619 1508 2696 dextra,
1535 2639 1600 2682 et
1640 2619 1898 2683 totidem
1930 2624 2109 2683 exuit
2154 2625 2339 2683 armis
2360 2666 2376 2682 .

490 2745 626 2804 Non
668 2763 790 2830 ego
833 2761 996 2802 nunc
1039 2737 1216 2802 dulci
1259 2737 1558 2828 amplexu
1603 2736 1943 2801 divellerer
1987 2759 2247 2823 usquam
2274 2785 2291 2814 ‚

490 2864 684 2937 Nate,
725 2879 872 2936 tuo;
917 2881 1122 2946 neque
1159 2855 1464 2922 finitimus
1507 2859 1863 2920 Mezentius
1901 2879 2235 2943 umquam,

491 2983 656 3042 Huic
699 2980 903 3064 capiti
946 2977 1292 3054 insultans,
1335 2995 1429 3040 tot
1473 2975 1638 3042 ferro
1676 2999 1861 3040 saeva
1902 2975 2177 3042 (ledisset

492 3104 768 3176 Funera,
814 3115 935 3160 tam
980 3097 1198 3159 multis
1239 3095 1555 3160 viduasset
1603 3095 1857 3160 civibus
1898 3096 2147 3159 urbem.

493 3226 572 3281 At
613 3241 758 3295 vos,
800 3239 836 3280 o
867 3193 1138 3302 Superi,
1183 3233 1246 3278 et
1286 3213 1502 3278 divum
1551 3232 1619 3278 tu
1661 3218 1933 3279 maxime
1976 3235 2183 3280 rector

493 3341 818 3424 Iuppiter,
864 3335 1156 3411 Arcadii,
1201 3356 1473 3422 quaem,
1517 3337 1900 3400 miserescite
1940 3339 2141 3426 regie,

499 3459 576 3518 Et
619 3458 860 3542 patrias
904 3453 1128 3520 audite
1171 3475 1414 3539 preces·
1459 3457 1525 3516 Si
1567 3459 1827 3518 numina
1866 3476 2075 3518 vestra

475 3575 880 3642 .Incolumem
923 3573 1212 3636 Pallanta
1259 3571 1452 3650 mihi,
1490 3577 1538 3636 si
1587 3573 1719 3638 fata
1760 3593 2120 3652 reservant,

505 3697 568 3757 Si
613 3697 866 3758 visurus
909 3715 1043 3756 eum
1085 3696 1268 3770 vive,
1307 3713 1368 3756 et
1414 3712 1719 3758 venturus
1751 3698 1815 3756 in
1858 3713 2089 3769 unum;

497 3817 706 3881 Vitam
749 3833 890 3876 oro:
941 3815 1148 3898 patiar
1189 3815 1478 3900 quemvis
1513 3813 1742 3876 durare
1783 3811 2090 3876 laborem.

495 3934 604 3997 Sin
645 3933 924 4020 aliquem
965 3929 1296 3996 infandum
1339 3953 1587 4005 casum,
1633 3935 1957 4008 Fortuna,
1991 3931 2283 4008 minaris;
