3400 5175
1109 600 1559 657 clnls.
1752 606 1902 681 ¹07
2193 580 2348 656 253

480 730 662 796 Vnde
698 732 887 795 etiam
927 727 1212 795 citharae
1254 754 1439 795 voces
1479 734 1765 795 imitatus
1805 750 2056 810 acutas,

481 858 683 939 Saepe
724 852 891 939 lapis
932 871 1213 937 recrepat
1254 852 1551 940 Cyllenia
1596 874 1848 915 munera
1893 852 2145 939 pulsus,

481 975 558 1033 Et
604 988 876 1033 veterem
919 972 1130 1031 sonitu
1176 966 1415 1033 Phoebi
1456 986 1729 1033 testatur
1771 969 2099 1033 honorem.

484 1092 657 1151 Hanc
695 1086 947 1164 urbem,
984 1105 1133 1149 ante
1174 1086 1333 1149 alios
1372 1090 1484 1175 qui
1526 1107 1656 1151 tum
1696 1086 1959 1152 florebat
2001 1091 2066 1151 in
2106 1089 2332 1163 armis,

478 1210 739 1269 Fecerat
784 1200 1071 1268 infestam
1115 1204 1453 1291 populator
1492 1208 1729 1296 remige
1770 1210 2008 1269 Minos:

484 1326 780 1410 Hospitio
821 1322 991 1413 quod
1030 1346 1093 1387 se
1133 1326 1273 1386 Nisi
1317 1322 1618 1411 Polyidos
1660 1324 1866 1400 avito,

480 1440 893 1529 Carpathium
936 1438 1219 1531 fugiens,
1258 1460 1321 1504 et
1362 1438 1622 1506 flumina
1663 1446 2041 1519 Caerataea,

481 1566 788 1625 Texerat.
828 1565 1025 1655 ‘Hunc
1068 1560 1239 1625 bello
1277 1578 1563 1646 repetens
1605 1564 1955 1649 Gortynius
1997 1557 2180 1623 heros

482 1684 697 1745 Attica
738 1684 1005 1743 Cretaea
1044 1678 1322 1743 terrebat
1363 1700 1509 1741 rura
1551 1682 1819 1769 sagitta.

480 1797 599 1862 Sed
644 1820 847 1885 neque
887 1815 1039 1862 tunc
1080 1801 1291 1875 cives,
1338 1818 1541 1885 neque
1582 1815 1736 1861 tuuc
1779 1818 1889 1861 rex
1932 1796 2071 1881 ipae
2097 1811 2353 1857 veretur

480 1912 719 1980 Infesto
761 1914 841 1979 ad
880 1938 1084 1979 muros
1126 1916 1467 1980 volitantes
1512 1916 1760 2005 agmine
1803 1932 2036 1977 turmas

484 2040 829 2099 Ducentem
870 2033 1181 2099 indomita
1215 2037 1457 2097 virtute
1496 2032 1838 2097 retundere
1880 2034 2135 2096 mentis:

484 2157 873 2239 Responsum
913 2155 1207 2241 quoniam
1246 2149 1339 2216 fae
1378 2171 1469 2215 est
1513 2154 1860 2215 memiuinse
1904 2148 2192 2215 deorum.

482 2274 639 2334 Nam
677 2273 890 2357 capite
927 2293 963 2333 a
1002 2294 1239 2335 summo
1276 2274 1472 2363 regis,
1514 2269 1805 2335 mirabile
1843 2268 2060 2345 dictu,

486 2388 771 2455 Candida
810 2394 1118 2454 caesaries
1160 2388 1420 2455 florebat
1466 2408 1750 2477 tempora
1789 2392 1856 2451 in
1900 2385 2118 2462 ambe,

484 2514 567 2572 At
610 2531 821 2574 roseus
864 2508 1069 2573 medio
1110 2504 1397 2602 fulgebat
1438 2512 1679 2572 vertice
1721 2508 1948 2571 crinis:

486 2631 681 2691 Cuius
719 2651 903 2716 quam
938 2648 1183 2693 servata
1222 2629 1335 2692 diu
1374 2645 1597 2692 natura
1640 2621 1896 2698 fuisset,

484 2750 637 2810 Tam
680 2749 945 2834 patriam
990 2748 1348 2812 incolumen
1393 2748 1529 2810 Nisi
1568 2761 1960 2833 regnumque
2003 2735 2326 2815 futurum,

485 2865 839 2931 Concordes
878 2865 1097 2930 stabili
1138 2863 1456 2930 firmarant
1500 2865 1753 2927 numine
1795 2863 2024 2922 Parcae
2049 2901 2064 2918 .

490 2987 661 3072 Ergo
700 2985 898 3046 omnis
939 3005 1085 3046 caro
1124 2983 1437 3048 residebat
1480 3004 1629 3046 cura
1671 2977 1949 3067 capillo;

488 3106 693 3164 Aurea
732 3100 1017 3165 sollemni
1060 3119 1332 3166 comtum
1378 3125 1563 3190 quem
1603 3099 1800 3164 fibula
1843 3104 1974 3161 ritu

488 3218 807 3308 Crobylus
848 3238 910 3283 et
958 3221 1149 3283 tereti
1190 3219 1481 3286 nectebat
1519 3219 1706 3284 dente
1747 3217 2042 3282 cicadae.

486 3341 619 3412 Nec
659 3359 808 3402 vero
848 3335 1001 3402 haec
1039 3337 1213 3402 urbis
1253 3339 1547 3404 custodia
1582 3361 1745 3403 vana
1790 3335 2008 3401 fuisset

486 3459 749 3520 Niseae:
794 3460 912 3520 nisi
958 3457 1176 3546 Scylla
1220 3481 1383 3522 novo
1422 3475 1716 3544 correpta
1753 3452 1999 3530 furore,

488 3574 711 3664 Scylla
750 3579 945 3662 patris
982 3579 1191 3640 miseri
1232 3579 1609 3664 patriaeque
1660 3577 1926 3637 inventa
1967 3569 2360 3657 sepulcrum,

488 3697 768 3758 Minoem
807 3693 1059 3781 cupidis
1099 3697 1153 3757 si
1194 3717 1314 3757 non
1358 3693 1658 3758 inhiasset
1702 3685 1954 3754 ocellis!

492 3811 613 3876 Sed
656 3812 851 3876 malus
892 3813 1005 3877 ille
1043 3835 1235 3900 puer,
1276 3836 1463 3902 quem
1498 3834 1612 3876 nec
1648 3831 1759 3874 sua
1801 3806 2052 3872 flectere
2091 3823 2287 3869 mater

486 3933 733 3996 Iratum
773 3936 1021 4021 potuit,
1062 3954 1247 4023 quem
1290 3954 1404 3997 nec
1446 3950 1663 4021 pater,
1705 3947 1899 4017 atque
1941 3948 2097 3990 avus
2136 3923 2300 3989 idem
