3400 5175
854 634 1320 693 Anxmnos
1389 636 1562 689 ΜΒ.
1625 637 1791 691 vn.
1934 611 2092 689 215
2210 608 2319 717 45

435 774 562 836 Nec
601 768 778 835 sidus
823 774 1080 858 regione
1118 770 1262 831 viae
1303 768 1540 831 litusve
1583 765 1853 832 fefellit.

431 892 712 955 Consilio
753 888 914 952 hanc
957 910 1170 951 omnes
1205 890 1559 975 animisque
1597 888 1964 953 volentibus
2005 886 2221 952 urbem

431 1008 828 1085 Adferimur,
871 1008 1040 1093 pulsi
1082 1011 1329 1099 regnis,
1367 1030 1530 1095 quae
1571 1012 1839 1072 maxima
1880 1009 2197 1096 quondam

429 1134 726 1193 Extremo
765 1131 1028 1191 veniens
1061 1127 1154 1191 sol
1196 1126 1592 1214 adspiciebat
1629 1128 1937 1215 Olymp0.

435 1249 530 1312 Ab
567 1252 727 1310 Iove
769 1250 1156 1333 principium
1194 1249 1478 1337 generis;
1524 1250 1678 1312 Iove
1718 1246 2010 1311 Dardana
2049 1244 2249 1333 pubes

433 1367 682 1431 Gaudet
722 1386 882 1443 av03
926 1388 1036 1431 rex
1079 1368 1214 1453 ipse
1253 1368 1427 1430 Iovis
1466 1365 1546 1430 de
1581 1385 1775 1457 gente
1813 1388 2101 1453 suprema

433 1490 660 1549 Troius
702 1492 948 1549 Aeneas
990 1506 1100 1548 tna
1145 1508 1254 1549 nos
1291 1485 1373 1549 ad
1415 1486 1638 1549 limina
1677 1487 1882 1547 misit.

431 1610 680 1687 Quanta
719 1628 835 1691 per
875 1604 1099 1669 Idaeos
1140 1608 1346 1670 saevis
1382 1602 1588 1668 effusa
1635 1606 1929 1693 Mycenis

430 1729 794 1812 Tempestas
829 1726 977 1789 ierit
1017 1746 1307 1813 campos3
1351 1723 1590 1813 quibus
1629 1742 1813 1789 actus
1854 1743 2127 1812 uterque

433 1848 722 1931 Europae
764 1862 964 1933 atque
1007 1849 1196 1908 Asiae
1233 1840 1386 1909 fatis
1426 1848 1829 1909 concurrerit
1870 1844 2079 1923 orbis;

427 1961 686 2041 Audiit,
726 1984 792 2027 et
834 1968 888 2026 si
928 1986 1115 2051 quem
1155 1964 1346 2029 tellus
1385 1985 1668 2029 extrema
1712 1962 1925 2031 refuso

431 2082 772 2149 Submovet
816 2086 1103 2162 Oceano,
1143 2102 1208 2147 et
1249 2087 1304 2149 si
1338 2107 1526 2173 quem
1569 2102 1832 2150 extenta
1870 2086 2201 2176 plagarum

433 2205 748 2281 Quattuor
785 2205 852 2266 in
894 2200 1103 2267 medio
1143 2203 1390 2269 dirimit
1431 2205 1621 2297 plaga
1661 2204 1813 2268 solis
1854 2206 2095 2291 iniqui.

429 2322 693 2387 Diluvio
727 2345 810 2388 ex
853 2322 970 2386 illo
1012 2343 1106 2387 tot
1150 2341 1330 2388 vasta
1369 2346 1481 2411 per
1516 2348 1797 2413 aequora
1838 2327 2011 2387 vecti

429 2440 544 2501 Dis
582 2438 794 2504 sedem
837 2444 1140 2533 exiguam
1183 2446 1412 2533 patriis
1454 2444 1741 2532 litusque
1784 2466 2077 2534 rogamus

429 2563 809 2640 Innocuam,
834 2580 896 2626 et
921 2566 1174 2628 cunctis
1211 2563 1570 2653 undamque
1595 2587 1942 2650 auramque
1964 2578 2282 2649 patentem
2300 2603 2320 2628 ι

428 2684 570 2746 Non
609 2684 848 2745 erimus
887 2705 1082 2774 regno
1123 2685 1485 2763 indecores;
1539 2707 1652 2748 nec
1696 2705 1904 2746 vestra
1944 2680 2189 2746 feretur

427 2806 616 2865 Fama
653 2801 851 2882 levis,
894 2807 1193 2892 tantique
1232 2805 1549 2869 abolescet
1593 2805 1805 2894 gratia
1847 2798 2047 2877 facti;

425 2927 556 2990 Nec
587 2927 845 2990 Troiam
889 2929 1200 2991 Ausonios
1237 2930 1480 3016 gremio
1521 2924 1852 3010 excepisse
1894 2918 2177 3010 pigebit.

429 3047 587 3108 Fata
625 3067 740 3132 per
777 3049 1027 3110 Aeneae
1068 3053 1245 3124 ium,
1287 3045 1707 3131 dextramque
1752 3058 2109 3129 potentem,

430 3166 578 3228 Sive
617 3163 776 3242 fide,
819 3187 927 3229 seu
969 3169 1116 3255 quis
1156 3165 1328 3230 bello
1370 3184 1461 3231 est
1503 3185 1809 3254 expertus
1848 3183 1915 3228 et
1957 3167 2183 3242 armis;

429 3285 626 3351 Multi
667 3307 780 3351 nos
821 3289 1077 3376 populi,
1121 3288 1357 3352 multae
1393 3281 1520 3374 (ne
1561 3302 1805 3362 temne,
1848 3282 2018 3372 quod
2064 3281 2236 3346 ultro

432 3401 856 3470 Praeferimus
889 3405 1180 3472 manibus
1221 3410 1420 3472 vittas
1457 3429 1530 3470 ac
1571 3403 1765 3470 verba
1802 3400 2185 3491 precantia)

433 3525 510 3585 Et
553 3527 798 3611 petiere
837 3525 962 3592 sibi
1005 3544 1070 3592 et
1111 3527 1367 3593 voluere
1409 3526 1759 3617 adiungere
1795 3542 2049 3616 gentes,

431 3641 550 3707 Sed
590 3667 700 3708 nos
739 3641 878 3708 fata
917 3643 1102 3710 det'im
1140 3666 1380 3710 vestras
1416 3649 1757 3733 exquirere
1800 3664 2001 3708 terras

436 3763 723 3848 Imperiis
761 3785 950 3854 egere
988 3767 1150 3828 suis.
1195 3767 1358 3829 Hinc
1399 3764 1729 3829 Dardanus
1764 3782 1945 3826 ortus

433 3885 568 3946 Huc
609 3885 886 3972 repetit,
927 3887 1245 3974 iussisque
1285 3885 1654 3978 ingentibus
1695 3899 1885 3974 urget
1929 3879 2161 3966 Apollo

433 4001 832 4089 Tyrrhenum
855 4003 932 4082 ad
955 4003 1266 4096 Thybrim
1288 4053 1306 4084 ,
1337 4023 1399 4069 et
1430 4001 1624 4070 fomis
1653 4001 1817 4068 vada
1834 4022 2007 4064 sacra
2036 4001 2325 4062 Numici.
