3400 5175
955 751 1420 805 AENEIDos
1486 754 1845 807 L11s.v1.
1960 731 2123 834 439
2256 758 2349 832 19

453 891 582 957 Nec
621 886 842 973 procul
887 884 1038 949 hinc
1080 906 1322 971 partem
1365 883 1486 949 fusi
1530 905 1964 953 monstrantur
2006 892 2071 951 in
2110 912 2353 953 omnem

458 1013 768 1096 Lugentes
811 1010 1050 1093 campi:
1091 1010 1178 1069 sic
1225 1006 1370 1069 illos
1413 1011 1661 1071 nomine
1705 1008 1963 1071 dicunt.

459 1130 608 1201 Hic,
651 1150 814 1213 qnos
855 1128 1051 1190 durus
1095 1149 1266 1189 amor
1311 1128 1556 1191 crudeli
1599 1128 1748 1193 tabe
1796 1128 2078 1215 peredit,

457 1249 688 1309 Secreti
731 1247 942 1309 celant
986 1246 1210 1321 calla,
1255 1266 1316 1307 et
1365 1268 1615 1335 myrtea
1660 1251 1899 1311 circum

458 1366 624 1428 Silva
669 1368 870 1455 tegit:
914 1389 1104 1429 curae
1141 1390 1262 1429 non
1305 1372 1440 1453 ipsa
1494 1368 1556 1428 in
1601 1385 1803 1428 morte
1846 1366 2253 1451 relinquunt.

459 1490 568 1548 His
591 1484 942 1549 Phaedram
973 1488 1554 1574 Procrimquelocis
1572 1534 1587 1561 ,
1605 1504 2035 1571 maestamque
2054 1482 2433 1575 Eryphylen
2454 1526 2472 1557 ,

455 1606 742 1669 Crudelis
787 1611 920 1669 nati
965 1626 1408 1669 monstrantem
1461 1606 1761 1681 vulnera,
1806 1608 2049 1681 cernit,

459 1728 920 1815 Evadnenque,
962 1743 1025 1789 et
1073 1724 1458 1813 Pasiphaen:
1503 1724 1602 1789 his
1641 1726 1977 1789 Laodamia

453 1851 510 1909 It
551 1870 756 1910 comes
779 1896 797 1923 ,
830 1868 930 1924 et,
957 1852 1208 1910 iuvenis
1236 1846 1588 1934 quondam,
1633 1871 1797 1911 nunc
1828 1844 2061 1909 femina
2097 1848 2358 1923 Caenis,

451 1968 686 2029 Rursus
729 1986 791 2030 et
837 1969 904 2030 in
941 1987 1216 2030 veterem
1263 1965 1398 2030 fato
1441 1968 1741 2031 revoluta
1782 1965 2082 2056 figuram.

454 2090 622 2150 Inter
663 2111 820 2175 quas
867 2087 1206 2151 Phoenissa
1249 2111 1465 2151 recens
1509 2112 1542 2150 a
1589 2090 1853 2151 vulnere
1899 2088 2063 2151 Dido

449 2208 712 2274 Errabat
761 2196 926 2272 silua
967 2210 1030 2271 in
1077 2230 1334 2297 magna:
1379 2231 1572 2295 quam
1619 2214 1854 2271 Troius
1896 2206 2113 2283 heros,

449 2330 532 2387 Vt
575 2318 848 2413 primum
893 2332 1082 2391 iuxta
1126 2331 1349 2403 stetit,
1389 2327 1833 2419 adgnovitque
1876 2350 1987 2414 per
2032 2324 2313 2389 umbram

453 2444 822 2523 Obscuram,
864 2448 1116 2535 qualem
1161 2452 1364 2534 primo
1409 2453 1519 2536 qui
1567 2472 1830 2539 surgere
1873 2472 2081 2511 mense

451 2570 582 2629 Aut
624 2568 832 2646 videt,
875 2589 986 2632 aut
1031 2567 1264 2633 vidisse
1305 2589 1494 2655 putat
1539 2592 1651 2654 per
1693 2568 1918 2632 nubila
1960 2568 2209 2643 lunam,

447 2690 707 2750 Demisit
753 2688 1104 2776 lacrymae,
1148 2689 1462 2778 dulcique
1495 2687 1749 2753 adfatus
1794 2711 2005 2752 amore
2048 2707 2176 2749 est:

451 2804 688 2871 Infelix
729 2807 932 2885 Dido,
975 2831 1162 2871 verus
1203 2808 1360 2873 mihi
1404 2813 1666 2874 nuntius
1710 2831 1863 2900 ergo

449 2931 761 3005 Venerat,
803 2933 1218 3006 exstinctam,
1264 2927 1562 3018 ferroque
1603 2947 1887 2992 extrema
1928 2919 2309 3015 sequutum?

449 3054 714 3114 Funeris
750 3049 876 3113 heu
917 3050 1036 3114 tibi
1083 3073 1306 3114 caussa
1347 3043 1494 3114 fui?
1543 3052 1660 3112 Per
1699 3047 1911 3111 sidera
1955 3050 2133 3124 iuro,

451 3171 565 3232 Per
599 3174 913 3256 Superos,
957 3189 1018 3232 et
1060 3173 1110 3232 si
1152 3194 1280 3258 qua
1321 3169 1474 3234 fides
1515 3170 1753 3233 tellure
1790 3168 1909 3234 sub
1950 3173 2075 3232 irna
2120 3187 2251 3246 est;

449 3291 736 3364 Invitus,
780 3291 1036 3378 regina,
1080 3307 1195 3352 tuo
1236 3289 1312 3352 de
1351 3289 1540 3354 litore
1583 3293 1771 3352 cessi.

453 3408 570 3470 Sed
613 3431 708 3470 me
749 3410 918 3470 iussa
959 3405 1176 3484 defim,
1215 3430 1380 3494 quae
1419 3431 1584 3472 nunc
1630 3406 1740 3471 has
1782 3411 1873 3471 ire
1918 3431 2028 3494 per
2071 3406 2357 3483 umbras,

453 3531 564 3590 Per
601 3529 744 3591 loca
785 3547 964 3592 senta
1006 3532 1132 3591 situ
1174 3545 1454 3617 cogunt,
1503 3547 1887 3617 noctemque
1939 3525 2351 3616 profundam,

455 3649 742 3732 Imperiis
785 3671 974 3738 egere
1015 3652 1176 3711 suis:
1220 3669 1333 3711 nec
1376 3647 1634 3712 credere
1676 3653 1861 3736 quivi

456 3769 640 3830 Hunc
683 3785 932 3830 tantum
973 3766 1094 3831 tibi
1137 3790 1233 3830 me
1271 3767 1546 3832 discessu
1589 3765 1753 3833 ferre
1793 3769 2111 3833 dolorem.

361 3881 374 3886 ”
451 3886 616 3946 Siste
663 3885 960 3973 gradum,
1001 3904 1193 3975 teque
1239 3885 1546 3974 adspectu
1589 3913 1664 3952 ne
1709 3885 2018 3951 subtrahe
2060 3903 2307 3949 nostro·

449 4007 642 4080 Quem
661 4000 1238 4095 sugis‘2extremum
1258 4005 1396 4072 fato
1413 4007 1619 4095 ‚quod
1642 4005 2066 4092 teadloquor,
2086 4001 2206 4068 hoc
2226 4023 2319 4066 est
2338 4049 2355 4064 .

451 4120 714 4186 Talibu's
756 4129 996 4188 Aeneas
1040 4125 1366 4193 ardentem
1415 4145 1478 4191 et
1524 4146 1706 4190 torva
1753 4144 2033 4191 tuentem
