3400 5175
1048 550 1198 603 100
1672 538 1746 593 Ρ.
1830 536 2385 597 v1no1n11
2635 517 2772 601 1:31

1144 685 1335 743 Arma
1371 670 1587 739 ferunt
1633 673 1870 737 Italae.
1917 675 2028 738 Nil
2071 698 2163 739 me
2204 674 2437 741 fatalia
2478 694 2751 755 terrent,

1140 802 1208 861 Si
1250 819 1379 885 qua
1422 790 1710 883 Phryges
1750 816 1898 879 prae
1937 816 2002 857 se
2042 800 2322 874 iactant,
2365 820 2665 883 responsa
2705 799 2994 865 deorum.

1137 922 1250 978 Sat
1294 910 1447 977 fatis
1486 915 1848 999 Venerique
1887 912 2138 991 datum,
2183 918 2457 1004 tetigere
2499 916 2674 1003 quod
2714 940 2866 980 arva

1139 1033 1400 1098 Fertilis
1442 1032 1766 1093 Ausoniae
1809 1034 2038 1096 Troes:
2077 1050 2228 1094 sunt
2267 1052 2330 1094 et
2377 1056 2509 1095 mea
2551 1056 2771 1097 contra

1140 1160 1297 1217 Fata
1338 1148 1527 1228 mihi,
1570 1146 1740 1214 ferro
1779 1152 2150 1215 sceleratam
2195 1152 2568 1217 exscindere
2609 1172 2897 1243 gentem,

1140 1274 1429 1360 Coniuge
1472 1288 1848 1357 praerepta;
1894 1293 2003 1335 nec
2048 1269 2212 1333 solos
2249 1272 2456 1359 tangit
2505 1271 2759 1335 Atridas

1142 1396 1272 1455 Iste
1316 1390 1532 1467 dolor,
1572 1390 1855 1479 solisque
1894 1391 2047 1454 licet
2091 1412 2318 1476 capere
2357 1412 2530 1453 arma
2571 1394 2896 1479 Mycenis·

1138 1510 1261 1577 Sed
1305 1513 1569 1598 periisse
1606 1511 1799 1575 semel
1837 1514 1990 1574 satis
2031 1528 2164 1573 est.
2209 1513 2474 1572 Peccare
2515 1506 2736 1574 fuisset

1142 1637 1309 1695 Ante
1350 1634 1537 1707 satis,
1580 1634 1834 1716 penitus
1877 1628 2058 1693 modo
2097 1650 2219 1690 non
2261 1649 2458 1717 genus
2499 1650 2678 1693 omne
2721 1653 2971 1716 perosos

1144 1752 1537 1811 Femineum:
1581 1748 1817 1835 quibus
1857 1746 2016 1811 haec
2061 1746 2254 1810 medii
2299 1744 2530 1810 fiducia
2573 1748 2766 1826 valli,

1147 1873 1609 1954 Fossatumque
1651 1888 1888 1943 morae,
1923 1868 2040 1930 leti
2083 1865 2448 1931 discrimina
2487 1890 2712 1953 parva,

1146 1991 1317 2049 Dant
1359 1987 1631 2049 animos.
1673 1991 1758 2048 At
1803 2010 1927 2049 non
1965 1986 2266 2049 viderunt
2301 1988 2549 2049 moenia
2589 1990 2814 2049 Troiae

1143 2106 1429 2191 Neptuni
1470 2102 1788 2169 fabricata
1831 2129 2011 2169 manu
2055 2104 2380 2169 considere
2423 2107 2490 2168 in
2531 2100 2750 2195 ignes?

1144 2224 1268 2289 Sed
1313 2248 1457 2302 vos,
1498 2248 1535 2287 o
1578 2226 1768 2301 lecti,
1809 2222 1979 2291 ferro
2020 2228 2136 2312 qui
2175 2223 2462 2289 scindere
2505 2226 2742 2288 vallum

1144 2352 1467 2431 Apparat,
1510 2362 1575 2407 et
1614 2368 1854 2408 mecum
1899 2342 2143 2409 invadit
2188 2344 2575 2431 trepidantia
2616 2340 2865 2409 castra?

1143 2468 1287 2529 Non
1327 2466 1519 2527 armis
1560 2462 1719 2527 mihi
1757 2466 2064 2541 Vulcani,
2110 2487 2232 2527 non
2277 2462 2450 2526 mille
2487 2466 2721 2528 carinis

1144 2589 1255 2648 Est
1296 2609 1454 2671 opus
1494 2587 1561 2648 in
1602 2588 1905 2649 Teucros.
1951 2584 2204 2650 Addant
2243 2608 2306 2646 se
2349 2589 2642 2672 protinus
2683 2607 2892 2648 omnes

1144 2708 1403 2768 Etrusci
1442 2709 1677 2769 socios.
1721 2704 2038 2769 Tenebras
2077 2723 2140 2767 et
2181 2707 2416 2768 inertia
2456 2703 2626 2769 furta

1144 2827 1239 2888 Ne
1283 2827 1590 2904 timeant3
1632 2848 1745 2888 nec
1789 2829 1942 2912 equi
1981 2847 2170 2888 caeca
2212 2825 2554 2889 condemur
2597 2829 2659 2887 in
2703 2823 2892 2887 alvo·

1142 2949 1346 3022 Luce,
1392 2947 1639 3031 palam,
1682 2966 1932 3010 certum
1974 2967 2066 3010 est
2109 2948 2245 3036 igni
2288 2945 2681 3010 circumdare
2723 2968 2954 3010 muros.

1144 3064 1328 3126 Haud
1374 3063 1499 3126 sibi
1540 3087 1683 3127 cum
1725 3067 1965 3128 Danais
2005 3090 2134 3130 rem
2179 3061 2326 3128 faxo
2357 3087 2418 3128 et
2463 3066 2632 3152 pube
2676 3065 2937 3154 Pelasga

1140 3183 1289 3242 Esse
1316 3197 1576 3264 putent,
1599 3180 1911 3244 decimum
1942 3206 2103 3271 quos
2123 3183 2380 3249 distulit
2413 3191 2648 3249 Hector
2674 3187 2738 3247 in
2769 3208 3023 3248 annum.

1142 3301 1322 3362 Nunc
1368 3299 1559 3375 adeo,
1604 3301 1826 3364 melior
1869 3305 2168 3390 quoniam
2215 3329 2352 3391 pars
2397 3327 2538 3368 acta
2578 3305 2740 3381 diei,

1137 3416 1323 3498 Quod
1364 3439 1689 3506 superest,
1732 3422 1885 3486 laeti
1931 3421 2085 3487 bene
2129 3427 2324 3514 gestis
2365 3449 2632 3512 corpora
2671 3425 2854 3489 rebus

1137 3541 1508 3617 Procurate,
1550 3542 1713 3620 viri3
1757 3561 1820 3604 et
1863 3567 2138 3633 pugnam
2181 3565 2432 3631 sperate
2476 3547 2713 3630 parati.

1132 3661 1393 3723 Interea
1434 3661 1708 3751 vigilum
1747 3662 2043 3730 excubiis
2079 3664 2376 3728 obsidere
2415 3685 2635 3751 portas

1128 3781 1300 3841 Cura
1338 3779 1525 3845 datur
1566 3785 1896 3869 Messap0,
1940 3803 2002 3846 et
2055 3789 2299 3849 moenia
2337 3787 2598 3874 cingere
2643 3781 2934 3846 flammis.

1124 3901 1225 3960 Bis
1265 3920 1544 3988 septem,
1592 3901 1842 3966 Rutulo
1885 3927 2092 3969 muros
2135 3906 2251 3996 qui
2295 3905 2502 3968 milite
2545 3919 2842 3980 servent,
