3400 5175
951 700 1054 749 20
1535 697 1608 750 r.
1700 697 2253 753 vrncrnrr
2486 678 2655 781 467

1009 824 1305 909 ‚Lenibat
1351 826 1548 891 dictis
1594 831 1906 907 animum,
1948 832 2400 920 lacrymasque
2438 831 2687 896 ciebat.

1029 944 1154 1008 Illa
1205 946 1339 1009 solo
1381 944 1536 1011 fixos
1577 949 1799 1011 oculos
1845 972 2067 1014 aversa
2107 950 2406 1015 tenebat:

1034 1067 1172 1128 Nec
1219 1069 1416 1156 magis
1453 1068 1715 1155 incepto
1756 1069 2007 1133 vultum
2048 1093 2329 1133 sermone
2374 1088 2697 1147 movetur,

1036 1188 1241 1265 Quam
1287 1188 1343 1248 ai
1381 1185 1540 1250 dura
1580 1188 1745 1251 silex
1788 1207 1896 1250 ant
1938 1208 2064 1253 stet
2110 1192 2425 1275 Marpesia
2466 1208 2718 1253 cautes.

1041 1304 1324 1369 Tandem
1371 1310 1687 1393 corripuit
1729 1331 1894 1385 sese,
1938 1327 2135 1395 atque
2180 1311 2441 1371 inimica
2482 1306 2724 1399 refugit

1029 1425 1104 1486 In
1152 1448 1376 1489 nemus
1417 1424 1871 1492 umbriferum:
1916 1430 2153 1492 coniux
2200 1427 2313 1491 ubi
2359 1430 2668 1515 pristinus
2710 1428 2811 1491 illi

1037 1546 1402 1632 Respondet
1447 1550 1650 1625 curis,
1691 1570 2056 1636 aequatque
2100 1545 2425 1637 Sychaeus
2468 1568 2769 1610 amorem.

1043 1667 1179 1727 Nec
1223 1668 1427 1729 minus
1473 1670 1750 1743 Aeneae,
1796 1688 1940 1729 casu
1994 1688 2323 1753 percussus
2362 1668 2615 1752 inique,

1048 1786 1467 1873 Prosequitur
1506 1784 1865 1873 lacrymans
1908 1785 2130 1873 longe,
2170 1802 2233 1847 et
2281 1788 2615 1847 miseratur
2658 1801 2949 1846 euntem.

1145 1903 1301 1966 Inde
1341 1903 1557 1967 datum
1606 1904 1870 1967 molitur
1913 1906 2068 1967 iter.
2111 1906 2370 1991 Iamque
2412 1926 2558 1965 arva
2602 1902 2910 1966 tenebant

1043 2024 1324 2103 Vltima,
1367 2018 1535 2113 quae
1575 2022 1746 2088 bello
1788 2024 1949 2087 clari
1988 2041 2229 2085 secreta
2272 2017 2709 2109 frequentant.

1043 2144 1167 2206 Hie
1209 2142 1312 2206 illi
1354 2144 1636 2206 occurrit
1679 2141 1976 2231 Tydeus,
2016 2139 2123 2207 hic
2168 2139 2457 2230 inclytus
2498 2142 2689 2202 armis

1047 2258 1599 2347 Parthenopaeus,
1644 2278 1705 2324 et
1753 2260 2014 2325 Adrasti
2058 2261 2359 2348 pallentis
2402 2264 2643 2349 imago.

1049 2380 1171 2443 llic
1213 2379 1482 2443 multum
1525 2377 1663 2443 fleti
1707 2379 1785 2444 ad
1824 2403 2113 2467 superori,
2156 2380 2463 2467 belloque
2504 2378 2735 2442 caduci

1043 2499 1480 2564 Dardanidae:
1525 2524 1686 2590 quos
1729 2501 1842 2565 ille
1883 2522 2090 2564 omnes
2128 2499 2323 2592 longo
2366 2499 2588 2562 ordine
2630 2519 2890 2562 cernens

1047 2625 1371 2713 Ingemuit
1389 2669 1408 2698 ,
1423 2623 1894 2712 Glaucumque,
1914 2621 2375 2710 Medontaque,
2394 2617 3045 2706 Thersilochumque,

1047 2744 1202 2804 Tres
1239 2743 1695 2821 Antenoridas,
1740 2745 2087 2830 Cererique
2130 2765 2374 2805 sacrum
2420 2737 2897 2830 Polyphoeten,

1049 2860 1472 2950 Idaeumque,
1519 2865 1714 2925 etiam
1758 2885 2015 2940 currus,
2056 2866 2246 2926 etiarn
2286 2883 2454 2925 arma
2492 2879 2845 2925 tenentem.

1045 2983 1478 3044 Circumstant
1525 2987 1771 3044 animae
1811 2981 2041 3046 dextra
2078 2979 2391 3070 laevaque
2430 2979 2829 3069 frequentes.

1045 3099 1176 3160 Nec
1221 3097 1455 3162 vidisse
1495 3099 1685 3161 semel
1725 3101 1879 3162 satis
1922 3121 2051 3165 est:
2096 3105 2273 3164 iuvat
2322 3125 2524 3189 usque
2568 3103 2831 3176 morari,

1043 3220 1122 3279 Et
1167 3213 1457 3280 conferre
1500 3218 1803 3309 gradum,
1841 3237 1907 3283 et
1948 3221 2246 3284 veniendi
2290 3220 2535 3283 discere
2576 3239 2860 3283 caussas.

1047 3343 1128 3400 At
1175 3329 1457 3402 Danaum
1501 3362 1825 3426 proceres,
1860 3345 2525 3432 Agamemnoniaeque
2562 3339 2943 3430 phalanges,

1041 3429 1124 3518 Ἲῗῑ
1171 3455 1390 3521 videre
1436 3463 1674 3535 virum,
1718 3456 2169 3550 fulgentiaque
2212 3483 2387 3525 arma
2432 3481 2541 3546 per
2579 3458 2865 3536 umbras,

1051 3577 1314 3666 lugenti
1357 3577 1678 3665 trepidare
1720 3599 1933 3659 metu;
1979 3603 2123 3667 pars
2164 3599 2417 3644 vertere
2455 3599 2677 3669 terga,

1047 3701 1176 3760 Ceu
1223 3699 1540 3787 quondam
1585 3703 1833 3786 petiere
1877 3718 2079 3777 rates;
2124 3721 2265 3785 pars
2306 3697 2533 3760 tollere
2572 3720 2795 3760 vocem

1047 3819 1397 3906 Exiguam:
1439 3823 1735 3906 inceptus
1775 3820 2018 3883 clamor
2059 3814 2377 3882 frustatur
2414 3815 2695 3880 hiantes.

1135 3939 1350 4024 Atque
1391 3934 1498 4001 hic
1543 3938 1909 4002 Priamiden
1952 3939 2261 4002 laniatum
2305 3959 2569 4024 corpore
2612 3953 2747 4000 toto

1031 4053 1442 4141 Deiphobum
1484 4055 1706 4137 videt,
1751 4077 1815 4122 et
1858 4058 2135 4122 lacerum
2176 4055 2527 4122 crudeliter
2570 4077 2713 4132 ora,
