3400 5175
1017 632 1167 683 122
1654 623 2324 681 P.v1ncrn11
2619 626 2782 709 747

1102 762 1207 824 Fit
1247 780 1467 823 sonus:
1512 760 1764 849 ingenti
1805 778 2114 821 concussa
2161 772 2256 821 est
2304 756 2581 844 pondere
2623 761 2848 825 tellus.

1100 878 1429 965 Collapsos
1466 894 1645 940 artus
1686 896 1886 966 atque
1925 898 2096 939 arma
2153 895 2422 941 cruenta
2459 876 2722 942 cerebro

1096 998 1339 1059 Sternit
1384 994 1561 1059 humi
1602 1001 1901 1060 moriens:
1949 1013 2150 1085 atque
2198 995 2298 1059 illi
2341 995 2630 1083 partibus
2667 1002 2890 1087 aequis

1102 1118 1241 1179 Huc
1278 1132 1471 1201 caput
1512 1132 1712 1203 atque
1751 1114 1910 1180 illuc
1953 1112 2214 1179 humero
2257 1138 2334 1181 ex
2367 1134 2646 1205 utroque
2675 1118 3020 1205 pependit.

1098 1228 1471 1324 Diffugiunt
1511 1237 1677 1297 versi
1723 1234 1976 1319 trepida
2016 1232 2356 1309 formidine
2401 1238 2629 1299 Troes:

1103 1356 1217 1428 Et,
1260 1355 1311 1415 si
1352 1356 1657 1417 continuo
1702 1356 2006 1417 victorem
2053 1376 2130 1417 ea
2169 1374 2326 1419 cura
2361 1353 2670 1431 subisset,

1101 1472 1413 1557 Rumpere
1450 1472 1730 1537 claustra
1779 1494 1966 1535 manu
2006 1476 2341 1562 sociosque
2385 1475 2728 1538 immittere
2767 1476 3015 1561 portin,

1102 1592 1384 1654 Vltimus
1425 1591 1538 1655 ille
1580 1592 1718 1655 dies
1759 1591 1932 1655 bello
1972 1595 2287 1683 gentique
2327 1589 2584 1657 fuisset.
2641 1628 2646 1631 ·

1102 1710 1224 1773 Sed
1273 1709 1454 1774 furor
1496 1711 1816 1776 ardentem
1858 1712 2201 1801 caedisque
2241 1716 2452 1776 insana
2499 1712 2740 1800 cupido
2845 1744 2850 1749 ·

1106 1832 1259 1918 Egit
1302 1832 1369 1892 in
1406 1828 1734 1893 adversos.

1102 1930 1429 2034 Principio
1468 1948 1780 2025 Falarim,
1823 1966 1924 2024 et,
1972 1950 2220 2012 succiso
2263 1948 2546 2037 poplite,
2585 1952 2815 2039 Gygen

1110 2070 1412 2153 Excipit;
1458 2066 1607 2132 hinc
1654 2087 1866 2155 raptas
1907 2064 2306 2159 fugientibus
2347 2072 2592 2161 ingerit
2633 2068 2850 2133 hastas

1104 2188 1182 2251 In
1224 2206 1469 2277 tergus:
1512 2189 1677 2250 Iuno
1712 2191 1879 2253 vires
1929 2192 2340 2277 animumque
2377 2192 2694 2253 ministrat
2719 2233 2734 2250 .

1104 2305 1301 2369 Addit
1340 2306 1569 2397 Halym
1612 2310 1942 2385 comitem,
1984 2326 2048 2372 et
2091 2306 2339 2373 confixa
2381 2308 2628 2399 Phegea
2669 2328 2929 2395 parma;

1105 2426 1368 2515 Ignaros
1404 2424 1635 2491 deinde
1675 2430 1742 2491 in
1787 2432 1976 2492 muris
2015 2450 2410 2518 martemque
2441 2431 2684 2493 cientes

1106 2543 1623 2636 Alcandrumque
1640 2548 2021 2638 Haliumque
2043 2552 2488 2636 Noemonaque
2502 2549 2767 2637 Prytani
2781 2569 2996 2637 mque:

1106 2667 1359 2756 Lyncea
1401 2667 1765 2733 tendentem
1806 2687 2064 2746 contra,
2101 2673 2436 2757 sociosque
2475 2688 2798 2733 vocantem
2825 2716 2846 2746 ‚

1102 2785 1403 2851 Vibranti
1447 2786 1665 2878 gladio
1707 2791 2023 2852 connixus
2061 2787 2146 2852 ab
2183 2809 2422 2878 aggere
2463 2787 2692 2852 dexter

1104 2909 1425 2994 Occupat:
1470 2904 1625 2972 huic
1668 2928 1792 2970 uno
1831 2907 2152 2972 deiectum
2195 2911 2544 2972 comminus
2587 2913 2720 2972 ictu

1106 3027 1262 3089 Cum
1306 3027 1487 3116 galea
1526 3026 1721 3116 louge
1759 3030 1960 3090 iacuit
2006 3047 2204 3114 caput
2231 3075 2245 3088 .
2287 3025 2448 3091 Inde
2483 3024 2755 3092 ferarum

1108 3145 1503 3208 vastatorem
1555 3151 1894 3235 Amycum,
1940 3169 2072 3235 quo
2115 3169 2236 3210 non
2279 3145 2538 3212 felicior
2579 3145 2746 3210 alter

1107 3267 1364 3354 Vngere
1410 3263 1536 3327 tela
1578 3288 1801 3343 manu,
1844 3264 2210 3356 ferrumque
2251 3287 2493 3331 armare
2531 3283 2810 3340 venen03

1110 3385 1190 3446 Et
1232 3382 1521 3472 Clytium
1568 3385 1914 3464 Aeoliden,
1959 3405 2020 3452 et
2067 3389 2338 3452 amicum
2381 3383 2658 3462 Crethea
2699 3386 2938 3462 Musis;

1110 3501 1387 3568 Crethea
1428 3507 1748 3569 Musarum
1787 3509 2123 3585 comitem,
2161 3509 2266 3572 cui
2309 3509 2586 3570 carmina
2627 3526 2872 3592 semper

1114 3627 1197 3687 Et
1237 3621 1526 3688 citharae
1562 3623 1774 3704 cordi,
1815 3649 2237 3716 numerosque
2283 3625 2608 3692 intendere
2650 3627 2890 3690 nervis:

1114 3747 1373 3832 Semper
1396 3767 1589 3834 equos
1608 3795 1624 3818 ‚
1650 3764 1846 3834 atque
1871 3767 2044 3810 arma
2076 3743 2282 3810 viriim
2298 3795 2314 3824 ,
2331 3739 3012 3836 pugnasquecanebat.

1212 3864 1493 3930 Tandem
1532 3864 1868 3944 ductores,
1911 3866 2135 3932 audita
2189 3865 2381 3931 caede
2421 3887 2673 3928 suorum
2695 3913 2713 3942 ,

1109 3985 1510 4050 Conveniunt
1554 3987 1820 4064 Teucri,
1863 3983 2238 4050 Mnestheus
2277 4007 2554 4074 acerque
2597 3985 2928 4056 Serestum
