3400 5175
1046 671 1195 751 156
1690 691 1762 751 ι».
1822 690 2341 753 vrncrnrt
2627 672 2787 780 859

1130 826 1467 891 Omnibus.
1508 824 1901 916 Adloquitur
1942 848 2353 904 maerentem,
2396 846 2460 892 et
2505 828 2746 893 talibus
2787 826 2960 897 infitz

1124 944 1414 1023 Rhoebe,
1456 945 1567 1012 diu
1610 948 1758 1037 (res
1795 950 1846 1010 si
1889 971 2018 1036 qua
2055 948 2168 1014 diu
2207 946 2578 1013 mortalibus
2621 950 2754 1013 ulla
2795 949 2942 1042 est)

1131 1066 1456 1130 Viximus.
1499 1070 1623 1129 Aut
1664 1065 1856 1131 hodie
1896 1072 2104 1131 victor
2141 1068 2348 1155 spolia
2389 1068 2504 1132 illa
2547 1087 2816 1134 cruenta

1126 1186 1207 1245 Et
1248 1202 1443 1271 caput
1487 1188 1736 1248 Aeneae
1772 1183 2037 1263 referes,
2079 1190 2394 1275 Lausique
2431 1186 2719 1251 dolorum

1127 1301 1315 1365 Vltor
1348 1306 1475 1367 eris
1514 1325 1785 1370 mecum:
1829 1324 1982 1383 aut,
2020 1309 2226 1393 aperit
2267 1310 2320 1369 si
2365 1300 2536 1369 nulla
2576 1307 2743 1369 viam
2785 1310 2915 1383 vis,

1132 1422 1480 1487 Occumbes
1519 1430 1786 1511 pariter.
1831 1427 2054 1513 Neque
2091 1428 2293 1502 enim,
2335 1420 2709 1502 fortissime,
2754 1423 2943 1488 credo

1131 1542 1307 1601 Iussa
1348 1540 1558 1603 aliena
1596 1545 1763 1627 pati,
1802 1558 1866 1603 et
1909 1541 2192 1605 dominos
2223 1541 2572 1633 dignabere
2607 1546 2917 1607 Teucros.

1132 1660 1346 1735 Dixit,
1388 1676 1451 1722 et
1488 1676 1798 1745 exceptus
1842 1676 2020 1751 tergo
2061 1681 2362 1727 consueta
2396 1661 2642 1725 locavit

1132 1776 1456 1855 Membra,
1500 1802 1848 1865 manusque
1887 1779 2097 1845 ambas
2137 1782 2368 1845 iaculis
2407 1782 2700 1845 oneravit
2743 1780 2984 1852 acutis;

1130 1900 1290 1958 Aere
1330 1918 1523 1983 caput
1561 1893 1845 1987 fulgens,
1883 1904 2206 1988 cristaque
2245 1899 2526 1964 hirsutus
2554 1903 2819 1986 equina.

1129 2016 1235 2077 Sic
1274 2036 1523 2079 cursum
1560 2017 1625 2077 in
1670 2016 1904 2081 medios
1943 2019 2202 2105 rapidus
2242 2019 2424 2084 dedit
2448 2063 2465 2080 .
2499 2024 2760 2081 Aestuat
2791 2019 3018 2107 ingens

1127 2136 1267 2196 Vno
1308 2135 1373 2194 in
1414 2132 1605 2199 corde
1648 2134 1885 2223 pudor,
1929 2142 2258 2227 mixtoque
2299 2140 2544 2201 insania
2585 2137 2802 2201 luctu:

1135 2256 1346 2339 Atque
1380 2249 1488 2317 hic
1536 2260 1786 2319 Aenean
1833 2279 2056 2346 magna
2101 2275 2197 2321 ter
2233 2278 2392 2322 voce
2433 2258 2720 2321 vocavit.

1130 2373 1366 2435 Aeneas
1402 2372 1710 2463 adgnovit
1748 2379 1948 2452 enim,
1988 2376 2320 2465 laetusque
2359 2392 2694 2463 precatur:

1128 2490 1232 2552 Sic
1274 2506 1458 2577 pater
1495 2493 1611 2556 ille
1650 2492 1832 2557 deum
1877 2490 2112 2573 faciat,
2152 2502 2245 2560 sic
2289 2496 2456 2559 altus
2495 2493 2766 2581 Apono,

1132 2613 1415 2698 Incipias
1453 2612 1744 2679 conferre
1787 2639 2067 2680 manum.

1132 2733 1410 2796 Tantum
1447 2732 1677 2798 effatus
1700 2783 1720 2814 ,
1760 2754 1821 2800 et
1861 2733 2099 2800 infesta
2137 2735 2306 2801 subit
2345 2735 2576 2801 obvius
2608 2733 2814 2798 hasta.

1130 2849 1252 2914 Ille
1290 2871 1535 2917 autem:
1578 2855 1746 2935 Quid
1789 2879 1882 2920 me
1921 2875 2175 2942 erepto,
2217 2855 2610 2931 saevissime,
2655 2870 2805 2916 nato

1132 2965 1401 3034 Terres?
1444 2971 1603 3036 haec
1638 2977 1745 3037 via
1781 2978 1914 3040 sola
1953 2973 2113 3053 fuit,
2155 2999 2281 3064 qua
2321 2973 2585 3063 perdere
2625 2993 2868 3061 posses.

1128 3089 1261 3151 Nec
1306 3110 1563 3154 mortem
1604 3091 1963 3172 horremus,
2003 3117 2115 3158 nec
2157 3090 2372 3157 divum
2419 3095 2730 3180 parcimus
2771 3088 2938 3153 ulli.

1129 3208 1392 3269 Desine.
1437 3211 1565 3272 Iam
1608 3215 1794 3276 venio
1835 3217 2217 3289 moriturus,
2261 3231 2330 3276 et
2367 3209 2525 3275 haec
2565 3209 2686 3275 tibi
2729 3227 2921 3297 porto

1132 3329 1311 3388 Dona
1352 3330 1552 3412 prius.
1598 3333 1820 3408 Dixit,
1858 3331 2184 3421 telumque
2225 3333 2477 3394 intorsit
2518 3333 2584 3392 in
2623 3326 2902 3393 hostem:

1127 3445 1287 3508 Inde
1330 3445 1506 3510 aliud
1544 3471 1734 3534 super
1769 3467 1962 3538 atque
2001 3451 2180 3515 aliud
2221 3449 2493 3542 figitque
2535 3448 2917 3536 volutatque

1132 3568 1388 3656 Ingenti
1428 3589 1627 3659 gyro:
1670 3568 1778 3633 sed
1814 3574 2087 3635 sustinet
2129 3592 2362 3635 aureus
2399 3567 2624 3633 umbo.

1128 3689 1253 3749 Ter
1290 3690 1525 3750 circum
1568 3687 1922 3753 adstantem
1964 3689 2176 3754 laevos
2221 3691 2544 3778 equitavit
2586 3690 2652 3750 in
2689 3683 2907 3762 orbes,

1126 3805 1283 3868 Tela
1322 3828 1506 3869 manu
1546 3809 1816 3874 iaciens:
1861 3828 1958 3874 ter
1992 3831 2202 3873 secum
2243 3813 2480 3872 Troius
2517 3805 2704 3870 heros

1126 3925 1463 3990 Immanem
1506 3946 1720 3991 aerato
1757 3927 2127 3994 circumfert
2167 3929 2446 4018 tegmine
2483 3925 2742 3989 silvam.

1130 4041 1288 4107 Inde
1332 4043 1441 4110 ubi
1481 4066 1576 4113 tot
1620 4051 1888 4112 traxisse
1921 4072 2161 4131 moras,
2203 4067 2296 4112 tot
2343 4044 2594 4136 spicula
2633 4040 2848 4106 taedet
