3400 5175
1040 499 1191 601 146
1680 516 1752 570 ι».
1829 515 2353 571 vrnolnn
2617 495 2771 601 579

1136 654 1256 713 Cui
1292 652 1522 739 Liger:

1134 772 1273 833 Non
1314 764 1634 831 Diomedis
1672 786 1904 853 equos,
1945 786 2060 829 nec
2099 788 2358 831 currum
2397 770 2602 833 cernis
2643 768 2965 849 Achillei,

1136 892 1265 951 Aut
1306 884 1630 978 Phrygiae
1666 907 1949 972 campos:
1993 908 2158 951 nunc
2204 886 2360 952 belli
2404 885 2545 951 finis
2583 906 2646 952 et
2683 894 2831 955 aevi

1142 1009 1256 1069 His
1292 1003 1553 1071 dabitur
1592 1008 1818 1069 terris.
1855 1008 2108 1069 ‘Vesano
2150 1007 2310 1071 talia
2349 1005 2478 1071 late

1143 1128 1335 1190 Dicta
1378 1125 1593 1189 volant
1636 1126 1886 1214 Ligeri:
1925 1125 2034 1189 sed
2069 1148 2192 1189 non
2231 1144 2293 1188 et
2335 1129 2569 1189 Troius
2602 1121 2788 1189 heros

1136 1249 1325 1309 Dicta
1361 1263 1542 1333 parat
1582 1264 1840 1323 contra;
1885 1244 2162 1309 iaculum
2205 1266 2339 1307 nam
2365 1262 2620 1332 torquet
2651 1248 2717 1307 in
2741 1241 2986 1309 hostem
3012 1291 3029 1308 .

1135 1370 1461 1456 Lucagus,
1508 1382 1577 1428 ut
1620 1386 1852 1451 pronus
1891 1362 2166 1452 pendens
2207 1366 2273 1427 in
2315 1362 2581 1427 verbera
2621 1364 2750 1427 telo

1136 1484 1479 1550 Admonuit
1520 1482 1808 1575 biiugos,
1846 1487 2132 1575 proiecto
2171 1482 2320 1548 dum
2363 1483 2524 1571 pede
2564 1484 2747 1547 laevo

1137 1610 1339 1691 Aptat
1382 1627 1445 1669 se
1482 1626 1773 1696 pugnae,
1819 1602 1994 1669 subit
2037 1626 2180 1666 oras
2219 1600 2393 1664 hasta
2429 1624 2543 1687 per
2585 1603 2734 1663 imas

1132 1723 1467 1813 Fulgentis
1504 1724 1740 1810 clipei;
1788 1742 1920 1786 tum
1961 1723 2210 1788 laevum
2248 1720 2532 1813 perforat
2575 1726 2848 1814 inguen.

1136 1844 1447 1905 Excussus
1484 1864 1677 1907 curru
1717 1844 2129 1909 moribundus
2167 1844 2454 1907 volvitur
2495 1845 2695 1906 arvis.

1128 1966 1323 2041 Quem
1362 1966 1506 2048 pius
1550 1965 1792 2025 Aeneas
1835 1964 2030 2027 dictis
2070 1960 2329 2031 adfatur
2371 1965 2627 2025 amaris:

1135 2084 1427 2169 Lucage,
1470 2078 1643 2143 nulla
1680 2098 1824 2144 tuos
1867 2106 2089 2147 currus
2133 2081 2287 2173 fuga
2325 2084 2534 2172 segnis
2572 2103 2876 2169 equorum

1134 2197 1453 2277 Prodidit,
1496 2218 1607 2263 aut
1650 2223 1850 2265 vanae
1893 2220 2141 2267 vertere
2181 2226 2258 2266 ex
2299 2200 2591 2266 hostibus
2629 2200 2920 2265 umbrae.

1134 2320 1278 2403 Ipse
1316 2321 1475 2381 rotis
1516 2320 1748 2384 saliens
1781 2324 1931 2413 iuga
1969 2324 2232 2389 deseris.
2275 2326 2442 2387 Haec
2485 2324 2580 2385 ita
2621 2318 2794 2385 fatus

1138 2436 1442 2525 Adripuit
1484 2426 1777 2531 biiugos.
1821 2446 2046 2505 Frater
2085 2440 2386 2506 tendebat
2430 2443 2696 2504 inermes

1128 2554 1370 2623 Infelix
1415 2560 1681 2648 palmas,
1721 2584 1912 2627 curru
1951 2562 2247 2650 delapsus
2283 2560 2530 2624 eodem:

1126 2681 1244 2742 Per
1289 2697 1381 2758 te,
1428 2703 1539 2766 per
1577 2685 1694 2770 qui
1739 2700 1800 2745 te
1844 2683 2032 2746 talem
2071 2704 2346 2773 genuere
2389 2671 2709 2767 parenteS,
2817 2687 2840 2714 ⁰

1126 2803 1245 2862 Vir
1267 2803 1575 2878 Troiane,
1600 2804 1737 2864 sine
1767 2801 1930 2866 hanc
1951 2805 2211 2866 animam
2233 2848 2251 2878 ,
2269 2820 2331 2863 et
2353 2802 2642 2862 miserere
2663 2800 2982 2884 precantis
2998 2841 3013 2856 .

1122 2917 1425 2983 Pluribus
1459 2923 1668 2983 oranti
1717 2925 1990 2985 Aeneas:
2037 2920 2222 2985 Haud
2265 2920 2418 2986 talia
2460 2917 2694 2982 dudum

1118 3039 1311 3101 Dicta
1350 3037 1583 3102 dabas.
1628 3043 1910 3116 Morere,
1953 3059 2016 3104 et
2060 3038 2320 3105 fratrem
2363 3031 2438 3102 ne
2475 3038 2692 3102 desere
2735 3035 2960 3102 frater.

1120 3157 1284 3217 Tum
1321 3155 1593 3219 latebras
1629 3160 1904 3235 animae,
1949 3180 2202 3247 pectus,
2241 3179 2536 3224 mucrone
2575 3155 2880 3220 recludit.

1117 3273 1305 3336 Talia
1350 3297 1461 3360 per
1500 3297 1757 3363 campos
1800 3276 2029 3343 edebat
2075 3275 2298 3343 funera
2339 3275 2568 3340 ductor

1118 3391 1517 3470 Dardanius,
1562 3400 1866 3458 torrentis
1905 3419 2108 3487 aquae
2148 3395 2250 3461 vel
2293 3396 2567 3460 turbinis
2605 3395 2731 3456 atri

1114 3517 1291 3576 More
1320 3508 1537 3576 furens
1556 3559 1575 3576 .
1600 3515 1879 3579 Tandem
1913 3535 2249 3603 erumpunt
2269 3563 2286 3594 ,
2313 3535 2376 3579 et
2407 3533 2612 3579 castra
2643 3513 3014 3600 relinquunt

1112 3635 1420 3697 Ascanius
1460 3657 1650 3720 puer,
1692 3651 1758 3697 et
1798 3635 2234 3724 nequidquam
2275 3635 2524 3700 obsessa
2560 3637 2902 3698 iuventus.

1214 3755 1517 3816 Iunonem
1556 3755 1801 3818 interea
1841 3757 2180 3844 compellat
2225 3757 2522 3842 Iuppiter
2563 3754 2772 3817 ultro:

1102 3871 1153 3931 Ο
1192 3894 1492 3960 germana
1540 3871 1697 3938 mihi
1743 3895 1936 3964 atque
1980 3876 2196 3942 eadem
2238 3875 2600 3967 gratissima
2637 3875 2912 3948 coniux,
