3400 5175
953 563 1418 619 Aznnrnos
1483 568 1657 622 mn.
1718 566 1845 625 Ἡ.
1966 574 2115 649 271
2278 549 2379 627 13

493 695 818 780 Iuppiter,
855 713 922 756 et
959 693 1154 759 rebus
1194 718 1314 758 nox
1361 696 1632 761 abstulit
1676 715 1815 763 atra
1855 700 2132 767 colorem
2156 746 2177 765 .

497 811 897 877 Vestibulum
940 834 1089 877 ante
1128 818 1334 901 ipsum
1375 818 1727 903 primisque
1768 820 1833 879 in
1874 815 2170 883 faucibus
2210 822 2363 884 Orci

495 934 765 1009 Luctus,
804 951 868 995 et
908 933 1175 997 ultrices
1210 956 1474 1020 posuere
1515 935 1761 999 cubilia
1791 940 2033 1016 Curae;

498 1048 940 1137 Pallentesque
980 1050 1275 1115 habitant
1317 1053 1561 1132 Morbi,
1608 1059 1940 1143 tristisque
1981 1062 2327 1136 Senectus,

495 1170 571 1229 Et
607 1174 859 1245 Metusr,
900 1189 965 1232 et
1009 1172 1172 1234 male
1211 1172 1412 1235 suada
1441 1178 1692 1252 Fames,
1721 1198 1793 1239 ac
1838 1180 2046 1262 turpis
2072 1182 2377 1267 Egestas;

497 1284 835 1349 Terribiles
875 1291 1018 1351 visu
1056 1286 1330 1369 formae3
1377 1296 1768 1379 Letumque,
1814 1293 2173 1383 Labosquez

496 1408 649 1467 Tum
689 1410 1202 1499 consanguineus
1243 1414 1383 1473 Leti
1428 1416 1658 1498 Sopor,
1701 1429 1765 1475 et
1808 1413 1974 1476 mala
2007 1416 2235 1476 mentis

499 1524 770 1602 Gaudia,
817 1524 1340 1618 mortiferumque
1381 1530 1645 1594 adverso
1687 1534 1755 1593 in
1794 1531 2013 1597 limine
2056 1531 2333 1608 Bellum,

499 1646 840 1733 Ferreique
871 1648 1288 1711 Eumenidum
1322 1645 1618 1726 thalami,
1645 1666 1709 1712 et
1736 1648 2073 1715 Discordia
2097 1650 2389 1735 demeris,

501 1764 835 1849 vipereum
878 1770 1112 1831 crinem
1156 1770 1344 1832 vittis
1378 1774 1614 1832 innexa
1653 1774 1969 1833 eruentis.

593 1890 666 1949 In
705 1884 908 1949 medio
946 1910 1152 1951 ramos
1193 1910 1560 1976 annosaque
1603 1887 1867 1953 brachia
1908 1888 2135 1977 pandit
2221 1901 2227 1907 '

501 2006 708 2069 Vlmus
741 2028 973 2092 opaca,
1015 2009 1275 2097 ingenst
1319 2030 1510 2095 quam
1550 2007 1757 2072 sedem
1782 2012 2045 2071 -Somnia
2086 2008 2285 2097 vulgo

503 2132 666 2191 Vana
705 2144 923 2189 tenere
965 2124 1210 2204 ferunt,
1251 2124 1556 2215 foliisque
1594 2126 1715 2192 sub
1751 2126 2042 2193 omnibus
2084 2124 2381 2189 haerent.

500 2247 830 2335 Multaque
869 2266 1199 2335 praeterea
1239 2250 1558 2310 variarum
1601 2262 1875 2310 monstra
1916 2242 2221 2321 ferarum,

499 2368 800 2429 Centauri
845 2370 912 2429 in
949 2361 1194 2429 foribus
1234 2364 1596 2443 stabulant,
1633 2366 2021 2454 Scyllaeque
2055 2360 2383 2445 biformes,

503 2486 582 2545 Et
621 2486 1173 2573 centumgeminus
1214 2488 1543 2562 Briareus,
1585 2507 1657 2547 ac
1700 2483 1917 2548 bellua
1961 2488 2196 2545 Lernae

505 2600 901 2666 Horrendum
941 2603 1250 2679 stridens,
1293 2601 1686 2688 flammisque
1728 2620 1965 2664 armata
2006 2599 2367 2676 Chimaera,

505 2724 862 2812 Gorgones,
890 2723 1376 2810 Harpyiaeque,
1407 2739 1471 2783 et
1494 2717 1693 2783 forma
1710 2721 2080 2805 tricorporis
2104 2716 2389 2782 umbrae.

504 2840 784 2924 Corripit
819 2837 928 2902 liic
967 2839 1183 2904 subita
1222 2839 1510 2926 trepidus
1551 2835 1891 2902 formidine
1923 2834 2157 2900 ferrum

509 2965 786 3034 Aeneas,
825 2963 1246 3046 strictamque
1281 2960 1484 3022 aciem
1523 2954 1931 3022 venientibus
1967 2951 2195 3031 offert3

509 3081 621 3156 Et,
662 3083 728 3143 ni
765 3079 953 3142 docta
991 3101 1196 3142 comes
1238 3099 1460 3142 tenues
1500 3082 1636 3142 sine
1674 3098 1944 3164 corpore
1980 3079 2149 3139 vitas

509 3199 854 3264 Admoneat
893 3200 1174 3262 volitare
1215 3221 1373 3296 cava
1412 3197 1530 3264 sub
1572 3200 1849 3288 imagine
1888 3192 2161 3272 formae,

512 3321 760 3394 irruat,
801 3334 864 3380 et
904 3313 1142 3380 frustra
1181 3315 1350 3382 ferro
1391 3316 1755 3382 diverberet
1800 3313 2085 3380 umbras.

603 3441 770 3500 Hinc
810 3441 949 3516 via,
978 3440 1270 3502 Tartarei
1298 3459 1464 3525 quae
1490 3433 1614 3499 fert
1639 3433 2025 3499 Acherontis
2054 3432 2135 3497 ad
2164 3431 2393 3496 undas:

509 3554 828 3622 Turbidus
868 3555 976 3620 hic
1019 3579 1218 3621 coeno
1256 3575 1569 3645 vastaque
1611 3557 1921 3646 voragine
1956 3574 2200 3644 gurgeo

501 3679 810 3753 Aestuat,
854 3695 1052 3764 atque
1091 3699 1334 3740 omnem
1373 3680 1620 3766 Cocyto
1661 3691 1913 3738 eructat
1952 3692 2233 3734 arenam.

510 3795 790 3857 Portitor
829 3792 944 3866 has
983 3793 1335 3861 horrendus
1371 3818 1567 3883 aquas
1608 3814 1670 3857 et
1714 3791 1973 3856 flumina
2010 3807 2221 3851 servat

509 3912 820 3980 Terribili
859 3915 1156 4002 squalore
1197 3914 1482 3980 Charon:
1521 3917 1627 3980 cui
1669 3913 1943 4024 plurima
1984 3883 2195 3978 mento
