3400 5175
993 542 1101 627 40
1652 552 2311 607 1³.v1no11,11
2594 535 2699 636 75

1083 678 1482 769 Regalesque
1522 704 1789 747 accensa
1829 708 2071 761 comas,
2114 707 2375 749 accensa
2414 708 2703 753 coronam

1093 801 1414 887 Insignem
1455 804 1749 889 gemmis:
1792 824 1927 865 tum
1968 800 2216 867 fumida
2259 803 2497 867 lumine
2539 804 2720 869 fulvo

1089 918 1390 993 Involvi,
1436 942 1510 983 ac
1557 926 1708 984 totis
1748 923 2089 987 vulcanum
2132 946 2431 1011 spargere
2472 931 2695 988 tectis.

1091 1035 1168 1099 Id
1213 1058 1364 1100 vero
1405 1036 1789 1103 horrendum
1835 1064 1907 1105 ac
1952 1044 2091 1103 visu
2134 1042 2431 1105 mirabile
2468 1040 2657 1106 ferri:

1091 1158 1388 1243 Namque
1429 1154 1566 1223 fore
1613 1159 1929 1222 illustrem
1972 1156 2138 1222 fama
2180 1158 2458 1248 fatisque
2498 1160 2815 1225 canebant

1091 1274 1342 1361 Ipsam3
1388 1276 1498 1341 sed
1539 1279 1778 1365 populo
1818 1302 2107 1367 magnum
2154 1280 2528 1365 portendere
2571 1280 2841 1344 bellum.

1089 1398 1175 1455 At
1219 1417 1324 1456 rex
1364 1396 1686 1460 sollicitus
1725 1402 2055 1473 monstris,
2096 1398 2359 1461 oracula
2402 1403 2641 1476 Fauni,

1091 1514 1372 1577 Fatidici
1417 1520 1765 1605 genitoris,
1806 1517 1979 1592 adit,
2022 1517 2328 1605 lucosque
2367 1518 2487 1581 sub
2524 1518 2656 1580 alta

1091 1634 1382 1697 Consulit
1425 1636 1751 1701 Albunea:
1794 1658 2113 1699 nemorum
2153 1658 2319 1721 quae
2364 1638 2634 1698 maxima
2670 1658 2855 1699 sacro

1093 1755 1293 1814 Fonte
1337 1774 1548 1829 sonat,
1590 1776 1969 1841 saevamque
2006 1752 2265 1821 exhalat
2308 1777 2505 1841 opaca
2542 1754 2901 1840 mephitim.

1091 1873 1260 1933 Hinc
1307 1871 1511 1933 Italae
1553 1894 1811 1961 genteS‚
1850 1877 2183 1960 omnisque
2220 1876 2521 1935 Oenotria
2562 1873 2793 1949 tellus,

1091 1991 1165 2051 In
1209 1988 1426 2052 dubiis
1470 2014 1763 2077 respousa
1806 2012 2069 2078 petunt.
2108 1998 2247 2056 Huc
2288 1992 2454 2055 dona
2491 1992 2783 2054 sacerdos

1089 2111 1296 2185 Quum
1343 2108 1530 2186 tulit,
1573 2132 1632 2171 et
1679 2134 1999 2173 caesarum
2044 2114 2257 2175 ovium
2295 2110 2414 2175 sub
2452 2130 2637 2173 nocte
2676 2112 2892 2175 silenti

1089 2224 1378 2289 Pellibus
1421 2227 1721 2291 incubuit
1763 2234 2014 2305 stratiS,
2055 2252 2430 2317 somnosque
2478 2234 2749 2315 petivi13

1091 2346 1300 2409 Multa
1347 2346 1543 2411 modis
1577 2350 1917 2413 simulacra
1956 2350 2131 2413 videt
2178 2352 2515 2414 volitantia
2548 2352 2748 2425 miris,

1089 2468 1170 2527 Et
1217 2468 1425 2527 varias
1466 2468 1643 2530 audit
1693 2492 1910 2545 VOCCS,
1952 2466 2316 2557 fruiturque
2356 2468 2618 2533 deorum

1092 2584 1474 2674 ColloquiO,
1518 2610 1712 2674 atque
1756 2591 1895 2651 imis
1942 2589 2299 2652 Acheronta
2344 2587 2602 2654 adfatur
2644 2594 2936 2652 Avernis.

1089 2707 1211 2766 llic
1251 2725 1313 2767 et
1361 2725 1488 2768 tum
1539 2725 1720 2792 pater
1763 2712 1897 2793 ipse
1940 2732 2161 2796 petens
2198 2732 2489 2798 responsa
2528 2714 2791 2772 Latinus

1088 2829 1354 2890 Centum
1398 2827 1716 2916 lanigeras
1762 2829 2077 2890 mactabat
2120 2832 2240 2891 rite
2283 2827 2615 2906 bidenteS,

1091 2951 1308 3032 Atque
1353 2944 1572 3008 harum
1617 2944 1883 3009 effultus
1926 2968 2113 3038 tergo
2150 2951 2502 3036 stratisque
2541 2946 2789 3012 iacebat

1086 3065 1482 3128 Velleribus.
1528 3067 1759 3130 Subita
1802 3092 1882 3130 eit
1924 3069 2054 3131 alto
2096 3091 2219 3131 vox
2264 3067 2519 3130 reddita
2560 3067 2706 3130 luco
2745 3087 2871 3129 est:

991 3232 1036 3264 „
1090 3187 1186 3248 Ne
1225 3205 1372 3272 pete
1415 3185 1753 3250 connubiis
1796 3207 2003 3250 natam
2044 3191 2289 3252 sociare
2334 3191 2613 3264 Latinis,
2948 3233 2989 3263 „

989 3353 1033 3383 „
1085 3310 1137 3369 Ο
1185 3327 1316 3369 mea
1365 3309 1737 3397 progenieS,
1778 3306 2081 3370 thalamis
2120 3331 2238 3369 ueu
2284 3307 2471 3372 crede
2510 3309 2777 3393 paratis.
2947 3352 2988 3383 „

988 3472 1032 3502 „
1087 3427 1352 3490 Externi
1395 3430 1662 3489 veniunt
1707 3431 1961 3516 generi,
2004 3431 2120 3515 qui
2158 3432 2467 3518 sanguine
2511 3445 2787 3490 nostrum
2946 3471 2990 3503 „

989 3592 1032 3623 „
1087 3549 1328 3608 Nomen
1359 3551 1422 3609 in
1452 3566 1624 3610 astra
1643 3545 1883 3622 ferant,
1912 3571 2311 3636 quorumque
2340 3546 2419 3611 ab
2446 3549 2645 3633 stirpe
2674 3563 2934 3631 nepotes
2951 3590 2993 3620 „

989 3709 1032 3742 „
1081 3669 1308 3728 Omnia
1354 3665 1471 3730 sub
1517 3665 1827 3751 pedihus,
1868 3687 1993 3753 qua
2035 3666 2129 3730 sol
2172 3685 2517 3754 utrumque
2560 3687 2887 3729 recurrens
2949 3710 2993 3741 „

986 3832 1029 3862 „
1089 3784 1381 3872 Adspicit
1422 3791 1779 3862 Oceanum,
1821 3787 2126 3871 vertique
2168 3786 2436 3874 regique
2474 3781 2822 3847 videbunt.
2950 3829 2995 3860 „

1077 3907 1250 3968 llaec
1297 3927 1596 3992 responsa
1641 3907 1847 3991 patris
1890 3907 2132 3982 Fauni,
2178 3906 2579 3991 monitusque
2618 3903 2843 3964 silenti
