3400 5175
913 582 1371 639 Autumno
1435 584 1607 639 ιη.
1674 586 1842 639 111.
1925 564 2091 666 384
2210 592 2370 667 207

488 720 741 781 Interea
786 718 1043 786 Aenean
1084 713 1455 779 Mnestheus
1490 733 1554 779 et
1588 713 1748 780 fidus
1789 714 2064 780 Achates

490 840 928 922 Ascaniusque
970 856 1131 921 puer
1172 838 1400 897 castris
1434 851 1718 897 statuere
1758 854 2124 913 cruentum,

490 956 791 1019 Alternos
834 956 1023 1044 longa
1060 958 1369 1019 nitentem
1408 952 1671 1039 cuspide
1710 976 1992 1043 gressus.

494 1076 746 1148 Saevit,
790 1092 854 1134 et
896 1070 1171 1137 infracta
1208 1073 1491 1136 luctatur
1532 1073 1838 1137 arundine
1879 1074 2074 1137 telum

487 1194 787 1277 Eripere,
830 1191 1206 1279 auxilioque
1245 1193 1447 1268 viam,
1492 1214 1661 1279 quae
1702 1195 2024 1277 proxima,
2065 1194 2298 1279 poscit:

448 1312 657 1372 -Ense
693 1328 909 1373 secent
948 1310 1081 1372 lato
1121 1310 1382 1387 vulnus,
1422 1311 1671 1397 telique
1711 1307 2014 1374 latebram

488 1428 877 1491 Resciudant
920 1431 1207 1513 penitus,
1246 1451 1509 1515 seseque
1550 1432 1615 1492 in
1650 1427 1822 1492 bella
1859 1430 2222 1491 remittant.

484 1546 751 1632 Iamque
790 1545 1008 1609 aderat
1048 1546 1305 1612 Phoebo
1347 1566 1497 1611 aute
1540 1548 1704 1611 alios
1742 1546 2020 1611 dilectus
2060 1549 2232 1635 Iapis

482 1663 763 1727 Iasides:
807 1669 939 1728 acri
982 1666 1295 1754 quondam
1335 1670 1443 1731 cui
1485 1686 1713 1753 captus
1753 1686 1962 1729 amore

484 1785 631 1868 Ipse
666 1806 809 1847 suas
846 1804 1013 1849 artes
1038 1833 1059 1863 ,
1099 1809 1213 1849 sua
1256 1808 1550 1863 munera,
1588 1786 1792 1848 laetus
1835 1781 2068 1869 Apollo

490 1905 847 1991 Augurium
886 1902 1329 1994 citharamque
1369 1904 1563 1971 dabat
1606 1902 1972 1991 celeresque
2007 1902 2314 1991 sagittas.

480 2019 632 2096 Ille,
672 2040 744 2084 ut
780 2022 1059 2111 depositi
1098 2021 1415 2111 proferret
1456 2020 1588 2087 fata
1626 2023 1946 2109 parentis,

482 2142 657 2203 Scire
698 2158 1041 2226 potestates
1081 2140 1413 2208 herbarum
1458 2164 1766 2229 usumque
1803 2136 2094 2204 medendi

478 2258 755 2336 Maluit,
794 2280 860 2321 et
901 2280 1108 2325 mutas
1146 2265 1390 2352 agitare
1426 2262 1747 2353 inglorius
1790 2278 1994 2324 artes.

478 2374 707 2439 Stabat
752 2376 979 2443 acerba
1018 2376 1317 2458 fremens,
1356 2382 1677 2469 ingentem
1725 2382 1914 2443 nixus
1953 2378 2020 2441 iu
2053 2372 2300 2441 hastam

478 2500 757 2573 Aeneas,
800 2519 1029 2590 magno
1062 2501 1365 2563 iuvenum
1408 2518 1469 2563 et
1512 2501 1852 2563 maerentis
1887 2495 2018 2559 Iuli

479 2619 842 2695 concursu,
884 2619 1186 2708 lacrymis
1222 2619 1610 2683 immobilis.
1656 2617 1780 2679 Ille
1827 2631 2064 2677 retorto

480 2737 821 2798 Paeonium
854 2737 919 2798 in
960 2758 1191 2800 morem
1232 2740 1444 2800 senior
1482 2739 1854 2800 succinctus
1888 2733 2164 2806 amictu,

474 2853 695 2916 Multa
737 2877 921 2918 manu
964 2855 1205 2920 medica
1248 2852 1619 2942 Phoebique
1662 2849 2032 2940 potentibus
2067 2844 2308 2940 herbis·

472 2972 931 3061 Nequidquam
970 2975 1286 3061 trepidat,
1324 2973 1765 3062 nequidquam
1807 2966 2058 3056 spicula
2094 2965 2324 3030 dextra

474 3088 829 3170 Sollicitat,
876 3071 1258 3181 prensatque
1302 3096 1513 3157 tenaci
1553 3089 1801 3176 forcipe
1845 3085 2112 3152 ferrum.

478 3211 681 3274 Nulla
719 3215 885 3275 viam
928 3210 1187 3276 fortuna
1228 3217 1435 3302 regit;
1478 3209 1645 3274 nihil
1688 3227 1914 3273 auctor
1957 3203 2190 3292 Apollo

476 3327 815 3392 subvenit:
857 3347 919 3392 et
959 3352 1189 3394 saevus
1223 3335 1463 3418 campis
1500 3333 1704 3420 magis
1742 3351 1814 3391 ac
1857 3327 2057 3416 magis
2101 3322 2326 3386 horror

473 3445 829 3512 crebrescit
842 3497 859 3526 ,
876 3452 1268 3538 propiusque
1281 3449 1511 3512 malum
1528 3467 1620 3512 est
1635 3494 1652 3510 .
1690 3451 1824 3510 Iam
1839 3433 2098 3532 pulvere
2110 3439 2354 3506 caelum

470 3565 653 3627 Stare
694 3565 945 3630 vident:
989 3569 1263 3632 subeunt
1301 3573 1589 3656 equites,
1632 3585 1697 3630 et
1747 3563 1996 3652 spicula
2031 3561 2256 3626 castris

472 3684 681 3745 Densa
717 3683 954 3748 cadunt
996 3686 1253 3750 mediis.
1304 3691 1365 3750 It
1412 3690 1616 3752 tristis
1656 3685 1734 3750 ad
1778 3683 2042 3748 aethera
2084 3680 2326 3744 clamor

473 3801 835 3866 Bellantum
869 3808 1205 3883 iuvenum,
1244 3823 1311 3870 et
1355 3807 1515 3872 duro
1556 3803 1673 3869 sub
1716 3807 1923 3868 Marte
1959 3797 2322 3863 cadentum.

472 3919 597 3986 Hic
640 3925 881 4003 Venus,
922 3925 1189 4018 indigno
1224 3929 1360 3990 nati
1396 3945 1701 3991 concussa
1743 3919 1997 4000 dolore,
