3400 5175
920 662 1377 720 nummos
1442 666 1613 719 Lm.
1682 664 1766 719 x.
1917 644 2076 721 663
2207 662 2354 750 149

453 796 581 863 sed
628 796 903 863 sublime
939 798 1161 863 volans
1202 798 1353 863 nubi
1392 821 1456 862 se
1498 802 1842 864 immiscuit
1881 818 2099 864 atrae:

458 924 673 999 Quum
711 922 995 981 Turnum
1034 916 1242 983 medio
1278 922 1519 981 interea
1557 916 1679 983 fert
1721 942 1996 1007 aequore
2034 920 2258 985 turbo.

458 1040 761 1126 Respicit
802 1041 1063 1129 ignarus
1105 1062 1345 1115 rerum,
1390 1041 1806 1126 ingratusque
1841 1036 2103 1115 salutiS,

460 1160 549 1220 Et
593 1155 885 1244 duplices
921 1181 1059 1221 cum
1102 1180 1257 1223 voce
1298 1178 1515 1219 manus
1550 1153 1631 1218 ad
1672 1153 1878 1218 sidera
1919 1156 2160 1218 tendit:

464 1280 881 1363 Omnipotens
920 1281 1218 1353 Genitor,
1260 1272 1499 1338 tanton'
1546 1296 1637 1337 me
1676 1278 1944 1337 crimine
1982 1274 2246 1363 dignum

464 1394 769 1469 Duxisti,
813 1411 878 1457 et
920 1394 1073 1457 tales
1114 1392 1383 1457 voluisti
1423 1392 1785 1478 expendere
1829 1386 2101 1478 poenas?

468 1516 609 1591 Quo
634 1506 1032 1577 feror?unde
1050 1507 1409 1601 abii?quae
1438 1534 1533 1575 me
1565 1508 1716 1601 fuga
1737 1558 1754 1587 ,
1781 1534 2051 1599 quemve
2079 1502 2369 1574 reducit?
2442 1556 2452 1567 .

473 1634 901 1695 Laurentesne
943 1636 1173 1695 iterum
1213 1652 1421 1697 muros
1464 1648 1573 1691 aut
1614 1649 1824 1693 castra
1865 1623 2145 1693 videbo?

474 1749 641 1831 Quid
667 1772 883 1813 manus
909 1748 1025 1812 illa
1046 1746 1282 1827 vir-iim,
1312 1751 1425 1835 qui
1456 1771 1551 1811 me
1580 1772 1842 1837 meaque
1872 1771 2041 1812 arma
2070 1742 2365 1835 sequuti!

480 1872 721 1949 Quosne
759 1859 1023 1954 (nefas)
1064 1888 1277 1929 omnes
1316 1864 1579 1931 infanda
1616 1872 1679 1930 in
1723 1889 1920 1932 morte
1961 1860 2244 1955 reliqui?

481 1990 561 2050 Et
600 2008 765 2051 nunc
810 1986 1093 2072 palantes
1134 1986 1353 2063 video,
1396 1993 1834 2077 gemitumque
1875 1987 2213 2053 cadentum

482 2108 781 2193 Accipio.
822 2104 989 2185 Quid
1032 2098 1195 2195 ago?
1236 2124 1345 2167 aut
1384 2130 1547 2194 quae
1576 2110 1699 2170 iam
1732 2109 1888 2169 satis
1919 2109 2042 2170 ima
2075 2103 2368 2169 dehiscat

488 2234 680 2293 Terra
719 2221 924 2303 mihi?
968 2232 1089 2291 Vos
1127 2249 1165 2290 o
1208 2231 1419 2313 potius
1456 2229 1886 2304 miserescite,
1924 2226 2153 2301 Venti,

489 2352 564 2411 In
603 2372 825 2434 rupes,
867 2350 932 2411 in
974 2368 1123 2409 saxa
1164 2340 1427 2433 (volens
1466 2370 1577 2410 vos
1617 2350 1870 2411 Turnus
1913 2343 2152 2437 adoro)

491 2470 675 2529 Ferte
716 2483 951 2543 ratem,
988 2465 1320 2551 saevisque
1356 2464 1537 2527 vadis
1574 2468 1902 2528 immittite
1939 2466 2180 2552 Syrtis;

498 2591 630 2666 Quo
670 2608 875 2675 neque
918 2609 1014 2648 me
1054 2583 1286 2648 Rutuli
1328 2607 1441 2648 nec
1484 2588 1736 2649 conscia
1777 2581 1944 2648 fama
1983 2601 2327 2671 sequatur,

496 2707 661 2769 Haec
702 2727 1075 2781 memorans,
1116 2707 1322 2767 animo
1351 2725 1513 2768 nunc
1544 2702 1669 2767 huc
1696 2725 1861 2766 nunc
1889 2699 2158 2764 fluctuet
2183 2701 2376 2779 illuc3

500 2827 593 2887 An
628 2847 763 2888 sese
804 2827 1089 2888 mucroni
1128 2821 1212 2888 ob
1256 2839 1499 2885 tantum
1542 2820 1818 2886 dedecus
1856 2841 2064 2882 amens

508 2942 775 3020 Induat,
816 2961 881 3006 et
922 2943 1183 3006 crudum
1230 2965 1341 3030 per
1383 2959 1585 3004 costas
1626 2943 1842 3031 exigat
1888 2957 2128 3001 ensem:

502 3061 833 3127 Fluctibus
876 3085 957 3126 au
998 3065 1199 3126 iaciat
1240 3062 1495 3139 mediis,
1545 3079 1608 3124 et
1654 3061 1844 3124 litora
1885 3057 2091 3121 nando

502 3183 707 3246 Curva
748 3197 959 3266 petat,
997 3178 1439 3270 Teucrumque
1478 3182 1711 3242 iterum
1753 3199 1815 3240 se
1844 3173 2066 3239 reddat
2091 3176 2152 3236 in
2181 3195 2384 3238 arma.

507 3301 628 3363 Ter
662 3316 927 3364 conatus
968 3317 1307 3387 utramque
1347 3303 1545 3364 viam:
1589 3317 1685 3361 ter
1729 3299 1996 3360 maxima
2041 3297 2200 3356 Iuno

504 3421 883 3504 Continuit;
928 3421 1351 3506 iuvenemque
1388 3422 1584 3482 animi
1627 3421 1921 3481 miserata
1960 3415 2288 3500 repressit.

496 3535 761 3602 Labitur
800 3537 933 3600 alta
970 3553 1187 3601 secans
1230 3535 1557 3625 fluctuque
1598 3555 1910 3623 aestuque
1949 3530 2262 3608 secundm

498 3659 579 3720 Et
614 3659 819 3742 putris
856 3659 1185 3744 antiquam
1223 3659 1431 3718 Dauni
1470 3653 1754 3720 defertur
1797 3652 1874 3717 ad
1923 3651 2165 3715 urbem.

592 3782 679 3839 At
720 3779 897 3838 Iovis
937 3779 1181 3840 interea
1224 3776 1477 3837 monitis
1519 3775 1873 3837 Mezentius
1915 3767 2140 3832 ardens

506 3892 807 3960 Succedit
847 3917 1132 3986 pugnae,
1174 3898 1575 3978 Teucrosque
1619 3887 1865 3952 invadit
1910 3903 2204 3976 ovantes.

501 4015 902 4076 Concurrunt
948 4011 1319 4102 Tyrrhenae
1360 4015 1561 4089 acies,
1602 4028 1797 4097 atque
1837 4003 2126 4070 omnihus
2165 4006 2306 4083 uni,
