3400 5175
966 556 1128 635 218
1600 576 1671 629 ι’.
1753 574 2278 631 νιιιαιιιῐ
2543 558 2698 663 692

1054 713 1501 795 Quaecumque
1542 720 1637 769 est
1677 703 1972 784 fortuna,
2011 730 2146 771 mea
2181 724 2313 773 estt
2357 732 2457 773 me
2493 716 2710 777 verius
2737 737 2925 779 unum

1056 828 1178 889 Pro
1220 822 1401 887 vobis
1442 821 1667 889 foedus
1707 824 1927 904 luere,
1965 843 2029 889 et
2073 824 2409 891 decernere
2449 824 2649 893 ferro.

1054 947 1411 1009 Discessere
1450 964 1663 1007 omnes
1696 940 1928 1018 medii,
1965 946 2370 1035 spatiumque
2410 946 2672 1013 dedere.

1148 1066 1237 1125 At
1270 1078 1457 1149 pater
1500 1062 1772 1139 Aeneas,
1811 1060 2035 1125 audito
2071 1064 2321 1127 nomine
2353 1066 2590 1143 Turni,
2653 1062 2662 1069 ’

1052 1183 1307 1243 Deserit
1344 1196 1406 1243 et
1447 1201 1687 1258 muros,
1713 1196 1792 1243 ‘et
1831 1202 2100 1246 summas
2136 1179 2369 1247 deserit
2403 1204 2613 1262 arces;

1054 1300 1580 1386 Praecipitatque
1614 1320 1818 1363 moras
1851 1318 2103 1380 omnes;
2142 1322 2339 1389 opera
2376 1303 2582 1367 omnia
2624 1305 2900 1389 rumpit3

1052 1422 1337 1484 Laetitia
1376 1420 1733 1499 exsultans,
1773 1415 2286 1509 horrendumque
2323 1422 2570 1485 intonat
2607 1424 2826 1484 armis:

1052 1544 1339 1619 Quantus
1366 1536 1597 1617 Athos,
1626 1556 1737 1602 aut
1764 1555 2044 1627 quantus
2069 1542 2244 1627 Eryx
2262 1584 2281 1616 ,
2309 1554 2422 1601 aut
2449 1540 2584 1626 ipse
2603 1586 2621 1614 ,
2647 1545 2929 1604 coruscis

1054 1662 1259 1737 Quum
1297 1653 1507 1721 fremit
1544 1654 1840 1734 ilicibus,
1879 1674 2190 1744 quantus,
2226 1655 2592 1748 gaudetque
2629 1658 2826 1721 nivali

1055 1778 1313 1839 Vertice
1350 1796 1416 1838 se
1456 1773 1756 1839 attollens
1789 1792 1976 1863 pater
2013 1780 2424 1865 Appenninus
2463 1776 2540 1842 ad
2575 1797 2788 1841 auras.

1051 1896 1187 1959 Iam
1226 1914 1379 1957 vero
1418 1910 1483 1958 et
1522 1893 1750 1958 Rutuli
1789 1898 2114 1975 certatim,
2152 1912 2216 1961 et
2257 1900 2483 1973 Troes,
2522 1914 2584 1960 et
2629 1917 2840 1960 omnes

1052 2016 1435 2079 Convertere
1474 2010 1691 2077 oculos
1733 2014 1924 2093 Itali;
1963 2015 2212 2103 quique
2250 1996 2388 2077 alta
2422 2012 2725 2079 tenebant

1054 2133 1347 2210 Moenia,
1386 2132 1636 2219 quique
1674 2133 1832 2195 imos
1865 2130 2206 2219 pulsabant
2245 2134 2443 2197 ariete
2481 2152 2723 2208 muros;

1050 2254 1371 2336 Armaque
1408 2248 1750 2337 deposuere
1789 2246 2094 2314 humeris.
2135 2254 2360 2337 Stupet
2399 2252 2536 2339 ipse
2575 2254 2868 2329 Latinus,

1054 2370 1397 2460 Ingentes,
1439 2374 1691 2461 genitos
1733 2367 1998 2434 diversis
2039 2367 2330 2455 partibus
2370 2368 2579 2448 orbis,

1050 2491 1230 2553 Inter
1266 2509 1331 2552 se
1372 2490 1594 2553 coiisse
1631 2490 1836 2566 viros,
1873 2505 1937 2551 et
1976 2508 2232 2553 cernere
2267 2483 2466 2551 ferro.

1055 2614 1272 2698 Atque
1310 2607 1443 2688 illi,
1482 2621 1557 2672 ut
1598 2629 1801 2673 vacuo
1841 2624 2188 2696 patuerunt
2230 2627 2503 2695 aequore
2541 2608 2784 2692 campi,

1046 2731 1363 2794 Procursu
1402 2726 1654 2814 rapido,
1696 2728 2006 2790 coniectis
2045 2729 2284 2790 eminus
2321 2724 2554 2802 hastis,

1050 2845 1375 2911 Invadunt
1413 2864 1675 2911 martem
1717 2845 1947 2932 clipeis
1987 2861 2180 2932 atque
2218 2829 2362 2907 aere
2399 2865 2658 2908 sonoro.
2717 2887 2722 2892 -

1048 2969 1175 3030 Dat
1215 2968 1518 3056 gemitum
1555 2963 1775 3029 tellus:
1822 2981 1954 3027 tum
1991 2964 2244 3028 crebros
2283 2963 2538 3027 ensibus
2579 2965 2744 3027 ictus

1048 3085 1537 3171 congeminant.
1585 3086 1740 3145 Fors
1777 3099 1843 3144 et
1883 3083 2089 3146 virtus
2129 3086 2472 3146 miscentur
2511 3084 2578 3146 in
2612 3071 2843 3144 unum.

1046 3201 1144 3264 Ac
1180 3199 1359 3262 velut
1385 3244 1404 3276 ,
1448 3201 1693 3290 ingenti
1735 3198 1900 3276 Sila,
1943 3222 2259 3263 summove
2296 3199 2627 3279 Taburno,

1045 3320 1256 3396 Quum
1297 3313 1425 3379 duo
1461 3320 1782 3382 conversis
1821 3316 2081 3414 inimica
2117 3320 2183 3380 in
2223 3316 2466 3404 proelia
2509 3318 2678 3380 tauri

1046 3431 1389 3498 Frontibus
1425 3438 1796 3513 incurrunt,
1839 3435 2058 3523 pavidi
2097 3458 2338 3500 cessere
2371 3439 2698 3526 magistri3

1047 3553 1187 3621 Stat
1216 3575 1409 3640 pecus
1438 3575 1619 3620 omne
1644 3573 1819 3634 metu
1847 3572 2090 3620 mutum
2108 3603 2127 3633 ,
2157 3571 2560 3644 mussantque
2589 3558 2895 3616 iuvencae
2919 3597 2938 3624 ‚

1048 3675 1207 3752 Quis
1232 3677 1467 3738 nemori
1494 3678 1817 3762 imperitet
1836 3722 1855 3754 ,
1879 3689 2228 3770 quem'tota
2256 3690 2534 3737 armenta
2548 3687 2918 3758 sequantu13

1048 3786 1161 3854 Illi
1200 3791 1365 3856 inter
1406 3813 1537 3857 sese
1577 3793 1780 3858 multa
1821 3797 1887 3858 vi
1927 3793 2193 3858 vulnera
2231 3793 2536 3866 miscent,

1050 3911 1430 4002 Cornuaque
1468 3911 1693 3978 obnixi
1733 3911 2035 4003 infigunt,
2077 3921 2142 3976 et
2184 3911 2488 4002 sanguine
2528 3909 2708 4000 largo
