3400 5175
1280 594 1722 651 crnrs.
1887 574 2034 649 163
2328 573 2484 650 255

613 730 781 805 Quae
824 723 1013 787 simul
1054 746 1125 789 ac
1166 728 1345 789 venis
1389 724 1598 808 bausit
1636 726 2004 791 sitientibus
2048 731 2296 819 ignem,

614 848 691 906 Et
736 843 1015 907 validum
1063 848 1321 931 penitus
1360 849 1653 931 concepit
1698 850 1766 909 in
1809 870 1944 911 ossa
1987 842 2298 927 furorem3

617 966 817 1023 Saeva
856 962 1033 1024 velut
1077 962 1309 1049 gelidis
1352 964 1631 1027 Edonum
1674 968 1949 1029 Bistonis
1987 970 2148 1043 oris,

616 1082 833 1141 Ictave
875 1078 1207 1144 barbarico
1248 1082 1523 1171 Cybeles
1562 1087 1858 1147 antistita
1899 1084 2108 1163 buxO,

620 1195 851 1261 Infelix
896 1200 1079 1288 virgo
1124 1220 1257 1262 tota
1300 1198 1650 1264 bacchatur
1694 1204 1759 1265 in
1805 1201 1988 1267 urbe.

615 1320 753 1379 Non
792 1334 1043 1405 styrace
1088 1318 1281 1381 Idaeo
1325 1315 1679 1410 fragrantes
1721 1322 1924 1383 tincta
1961 1318 2264 1405 capillos,

616 1439 891 1525 Cognita
932 1459 1051 1499 non
1094 1440 1329 1500 teneris
1366 1438 1633 1524 pedibus
1670 1442 1974 1527 Sicyonia
2014 1430 2302 1513 servam,

614 1558 753 1617 Non
794 1556 983 1618 niveo
1026 1558 1303 1619 retinens
1344 1554 1611 1621 baccata
1654 1557 1916 1621 monilia
1956 1556 2158 1619 collo·

616 1673 893 1737 Multum
934 1673 1035 1736 illi
1078 1678 1321 1737 incerto
1364 1676 1685 1761 trepidant
1729 1679 2007 1765 vestigia
2045 1695 2266 1738 cursu.

614 1796 810 1879 Saepe
852 1791 1017 1856 redit
1060 1795 1303 1879 patrios
1338 1792 1720 1858 adscendere
1756 1792 2005 1879 perdita
2047 1811 2290 1879 muros,

620 1912 963 1998 Aeriasque
1000 1908 1159 1974 facit
1199 1932 1479 1975 caussam
1524 1936 1587 1976 se
1630 1916 1834 1977 visere
1878 1931 2114 1976 turres:

611 2033 807 2115 Saepe
846 2032 1033 2093 etiam
1076 2032 1287 2095 tristes
1322 2031 1581 2095 volvens
1624 2036 1687 2095 in
1735 2050 1918 2097 nocte
1957 2028 2282 2119 querelas,

612 2148 879 2213 Sedibus
920 2170 999 2212 ex
1038 2147 1187 2213 altis
1229 2154 1387 2214 tecti
1424 2150 1790 2238 speculatur
1831 2172 2142 2225 amorem3

610 2272 963 2356 Castraque
1006 2288 1369 2355 prospectat
1406 2269 1643 2335 crebris
1683 2271 1968 2335 lucentia
2006 2267 2305 2333 flammis.

614 2388 808 2451 Nulla
845 2388 1049 2451 colum
1094 2392 1309 2467 novit3
1354 2412 1565 2454 carum
1608 2412 1720 2453 nec
1759 2390 2022 2475 respicit
2060 2410 2312 2451 aurum.

610 2511 750 2571 Nou
791 2526 1023 2598 arguta
1056 2528 1277 2573 sonant
1320 2512 1500 2573 tenui
1544 2509 1842 2598 psalteria
1881 2504 2152 2584 chorda;

610 2629 751 2691 Non
791 2626 1037 2716 Libyco
1078 2629 1295 2692 molles
1337 2628 1734 2716 plauduntur
1775 2629 2032 2712 pectine
2072 2624 2272 2687 telae.

614 2746 845 2810 Nullus
889 2749 950 2809 in
994 2769 1099 2810 ore
1143 2745 1533 2824 rub013'ubi
1558 2749 1724 2810 enim
1755 2741 1977 2816 rubor,
2009 2741 2221 2807 obstat
2251 2746 2483 2806 amori.

619 2869 827 2951 Atque
870 2863 985 2929 ubi
1025 2865 1201 2930 nulla
1240 2865 1425 2930 malis
1467 2871 1707 2953 reperit
1749 2864 1980 2927 solatia
2021 2865 2254 2939 tantis,

616 2983 1135 3072 Tabidulamque
1174 2984 1354 3049 videt
1399 2983 1527 3051 labi
1571 3007 1683 3072 per
1717 2987 1966 3046 viscera
2007 2999 2310 3060 mortem3

614 3107 751 3184 Quo
792 3119 979 3166 vocat
1022 3107 1115 3166 ire
1153 3103 1368 3183 dolor,
1412 3105 1718 3196 subigunt
1757 3126 1886 3192 quo
1929 3101 2180 3165 tendere
2224 3099 2390 3178 fata,

614 3224 872 3285 Fertur=
920 3240 980 3285 et
1026 3220 1327 3288 horribili
1366 3245 1663 3310 praeceps
1701 3223 2056 3308 impellitur
2095 3241 2339 3297 oestr0,

616 3345 701 3403 Vt
748 3345 981 3428 patris,
1022 3341 1103 3405 ah
1147 3339 1427 3407 demens!
1466 3347 1701 3408 crinem
1745 3340 1824 3405 de
1863 3345 2106 3404 vertice
2149 3337 2343 3404 ferret

616 3462 897 3536 Furtim,
938 3478 1133 3548 atque
1170 3478 1405 3552 arguto
1444 3460 1774 3526 detonsum
1821 3463 2097 3523 mitteret
2139 3457 2342 3522 hosti.

614 3580 904 3665 Namque
944 3576 1097 3643 haec
1138 3579 1425 3644 conditio
1470 3583 1730 3645 miserae
1773 3581 2152 3666 proponitur
2195 3600 2321 3640 una

612 3698 909 3761 Criminis
950 3703 1241 3789 ignarae:
1281 3703 1427 3788 quis
1470 3723 1591 3765 non
1633 3699 1834 3764 bouus
1875 3701 2082 3761 omnia
2125 3695 2306 3758 malit

616 3812 889 3879 Credere
926 3839 1115 3904 quam
1161 3823 1325 3882 tanti
1367 3822 1625 3885 sceleris
1667 3818 1963 3882 damnare
2005 3807 2336 3902 puellam?

622 3937 763 3997 Heu
808 3953 1011 4000 tamen
1052 3933 1281 4003 infelix
1324 3932 1531 4027 (quid
1574 3943 1737 4003 enirn
1771 3937 2110 4025 prudentia
2140 3927 2492 4023 prodest?)
