3400 5175
1017 610 1118 690 38
1669 635 1744 687 1².
1830 632 2373 688 vrnolzlr
2687 632 2779 708 19

1113 770 1287 847 Quos
1331 761 1650 827 homiuum
1693 787 1771 827 ex
1818 760 1982 827 facie
2027 762 2141 827 dea
2170 786 2357 825 saeva
2394 762 2765 849 potentibus
2802 761 3020 827 herbis

1119 885 1425 950 Induerat
1465 888 1649 955 Circe
1693 888 1761 947 in
1804 884 2023 947 vultus
2062 906 2131 946 ac
2176 902 2359 973 terga
2400 878 2707 945 serarum.

1111 1008 1287 1085 Quae
1329 1026 1404 1066 ne
1447 1024 1721 1066 monstra
1767 1005 1861 1089 pii
1904 1020 2277 1090 paterentur
2321 1002 2479 1063 talia
2524 1006 2722 1065 Troes

1112 1123 1330 1187 Delati
1370 1126 1434 1185 iu
1480 1142 1736 1209 portus,
1781 1146 1899 1185 neu
1942 1123 2135 1186 litora
2176 1120 2317 1183 dira
2358 1119 2689 1198 subireut;

1113 1245 1454 1329 Neptunus
1505 1246 1717 1307 ventis
1758 1242 2053 1329 implevit
2098 1240 2239 1303 vela
2280 1239 2612 1317 secundis,

1113 1364 1332 1450 Atque
1374 1357 1590 1451 fugam
1627 1362 1846 1439 dedit,
1884 1381 1946 1424 et
1994 1382 2243 1447 praeter
2288 1360 2451 1425 vada
2496 1356 2750 1423 fervida
2793 1362 3014 1422 vexit.

1116 1482 1376 1567 Iamque
1421 1479 1796 1544 rubescebat
1842 1480 2041 1543 radiis
2082 1504 2281 1559 mare,
2325 1500 2388 1543 et
2432 1478 2693 1545 aethere
2736 1477 2818 1543 ab
2862 1479 3001 1543 alto

1125 1602 1375 1662 Aurora
1416 1603 1480 1661 in
1527 1604 1720 1663 roseis
1761 1598 2053 1690 fulgebat
2090 1600 2267 1663 lutea
2304 1599 2511 1691 bigis}

1118 1720 1324 1795 Quum
1367 1721 1544 1780 venti
1589 1739 1885 1803 posuere,
1924 1725 2256 1809 omnisque
2299 1738 2558 1807 repente
2600 1718 2834 1781 resedit

1118 1836 1374 1911 Flatus,
1417 1855 1478 1899 et
1520 1840 1585 1899 in
1627 1838 1801 1900 lento
1841 1838 2170 1903 luctantur
2212 1862 2518 1904 marmore
2560 1858 2811 1901 tonsae.

1132 1958 1344 2041 Atque
1385 1952 1491 2018 hic
1535 1962 1779 2021 Aeneas
1820 1961 2139 2049 ingentem
2179 1984 2257 2024 ex
2297 1981 2575 2051 aequore
2613 1959 2830 2021 lucum

1122 2076 1472 2159 Prospicit.
1517 2081 1697 2139 Hunc
1744 2083 1909 2142 iuter
1945 2080 2143 2142 fluvio
2186 2078 2529 2143 Tiberinus
2572 2100 2871 2153 amoeno,

1129 2191 1505 2256 Vorticibus
1545 2194 1815 2280 rapidis,
1858 2218 1921 2261 et
1964 2198 2169 2262 multa
2209 2196 2411 2261 flavus
2452 2218 2671 2273 arena,

1125 2313 1204 2373 Iu
1245 2334 1408 2375 mare
1445 2321 1828 2403 prorumpit.
1876 2320 2098 2382 Variae
2137 2321 2508 2406 circumque
2549 2332 2872 2403 supraque

1131 2431 1453 2495 Adsuetae
1491 2436 1647 2521 ripis
1689 2436 1979 2500 volucres
2021 2456 2086 2501 et
2131 2436 2407 2501 fluminis
2446 2436 2629 2499 alveo

1131 2548 1412 2617 Aethera
1455 2554 1814 2619 mulcebant
1855 2577 2083 2635 cantu,
2126 2558 2399 2646 lucoque
2444 2553 2788 2620 volabant.

1135 2673 1425 2736 Flectere
1469 2677 1591 2738 iter
1635 2679 1863 2754 sociis,
1903 2696 2241 2765 terraeque
2282 2677 2616 2741 advertere
2658 2697 2872 2762 proras

1132 2795 1451 2878 Imperat,
1481 2815 1542 2858 et
1589 2780 1797 2859 laetus
1840 2795 2039 2860 fluvio
2079 2797 2365 2862 succedit
2404 2818 2641 2883 opaco.

1230 2917 1417 2976 Nunc
1457 2937 1607 3004 age,
1638 2919 1753 3004 qui
1794 2939 2005 3008 reges,
2032 2921 2258 2992 Eram,
2284 2937 2453 3003 quae
2482 2932 2763 3000 tempora
2787 2933 3029 2986 rerum,

1136 3035 1288 3113 Quis
1330 3037 1515 3096 Latio
1557 3037 1827 3122 antiquo
1864 3033 2061 3101 fuerit
2099 3058 2337 3113 status,
2383 3035 2629 3100 advena
2668 3033 2933 3097 classem

1135 3155 1342 3230 Quum
1383 3156 1654 3238 primum
1699 3160 1994 3220 Ausoniis
2031 3161 2354 3222 exercitus
2392 3157 2647 3244 appulit
2686 3157 2847 3228 oris,

1137 3271 1524 3354 Expediam‚
1563 3292 1625 3336 et
1667 3277 1908 3362 primae
1950 3275 2261 3341 revocabo
2298 3275 2567 3340 exordia
2608 3291 2893 3362 pugnae:

1143 3391 1240 3451 Tu
1279 3410 1522 3469 vatem,
1562 3412 1670 3472 tu,
1714 3393 1903 3472 diva,
1950 3419 2163 3460 mone.
2210 3399 2433 3459 Dicam
2468 3389 2727 3456 horrida
2768 3389 2979 3466 bella3

1146 3511 1364 3572 Dicam
1410 3513 1607 3588 acies,
1651 3534 1959 3602 actosque
2000 3519 2225 3580 animis
2270 3519 2337 3579 iu
2379 3512 2605 3578 funera
2644 3533 2853 3602 reges,

1143 3629 1673 3720 Tyrrhenamque
1720 3656 2005 3713 manum,
2036 3655 2363 3723 totamque
2394 3634 2511 3697 sub
2540 3655 2709 3696 arma
2748 3646 3041 3693 coactam

1143 3757 1548 3838 Hesperiam.
1593 3758 1801 3819 Maior
1845 3741 2055 3818 rerum
2099 3753 2257 3818 mihi
2298 3758 2577 3817 nascitur
2620 3751 2811 3828 ordo;

1143 3875 1360 3936 Maius
1399 3897 1560 3958 opus
1604 3897 1854 3938 moveo.
1902 3879 2037 3939 Rex
2080 3859 2234 3938 arva
2280 3879 2542 3940 Latinus
2582 3891 2645 3935 et
2684 3869 2873 3936 urbes

1139 3993 1271 4056 Iam
1313 3996 1521 4060 senior
1565 3994 1757 4085 longa
1800 3995 2093 4082 placidas
2136 3999 2199 4059 in
2239 4017 2393 4082 pace
2438 3993 2732 4082 regebat.
