3400 5175
1052 586 1152 659 86
1667 601 1763 653 r».
1859 594 2393 652 vrncrnu
2630 571 2791 647 523

1149 742 1233 803 Ni
1271 740 1517 827 signum
1557 732 1734 797 caelo
1775 727 2095 818 Cytherea
2136 726 2411 792 dedisset
2450 746 2701 811 aperto.

1147 860 1437 944 Namque
1482 852 1823 938 improviso
1864 847 2158 912 vibratus
2199 845 2279 911 ab
2318 843 2576 909 aethere
2618 843 2835 935 fulgor

1144 981 1302 1041 Cum
1343 976 1556 1039 sonitu
1591 972 1801 1047 venit,
1845 986 1910 1031 et
1948 990 2131 1031 ruere
2164 969 2376 1029 omnia
2420 970 2556 1029 visa
2599 984 2893 1051 repente,

1151 1092 1652 1184 Tyrrhenusque
1691 1089 1882 1153 tubae
1926 1089 2169 1181 mugire
2208 1083 2470 1149 aethera
2505 1084 2797 1175 clangor.

1150 1216 1544 1301 Suspiciunt:
1565 1214 1794 1274 iterum
1808 1225 2001 1297 atque
2016 1194 2242 1270 iterum
2260 1202 2775 1295 fragorincrcpat
2790 1210 3037 1295 ingens.

1147 1335 1340 1397 Arma
1375 1334 1542 1393 inter
1581 1326 1842 1404 nubem,
1888 1326 2057 1390 caeli
2100 1329 2165 1388 in
2207 1328 2465 1416 regione
2500 1346 2749 1399 serena,

1153 1458 1270 1516 Per
1307 1450 1534 1516 sudum
1573 1448 1843 1513 rutilare
1878 1446 2136 1523 vident,
2181 1464 2245 1508 et
2288 1444 2469 1532 pulsa
2508 1463 2761 1519 tonare,

1151 1569 1552 1655 Obstupuere
1588 1570 1813 1629 animis
1853 1567 2003 1645 alii;
2044 1566 2153 1631 sed
2188 1572 2421 1631 Troius
2456 1565 2643 1629 heros

1155 1689 1482 1779 Adgnovit
1526 1690 1834 1763 sonitum,
1877 1706 1941 1750 et
1984 1686 2168 1751 divae
2212 1690 2511 1773 promissa
2550 1688 2861 1772 parentis.

1151 1814 1312 1870 Tum
1347 1826 1680 1871 memorat:
1718 1810 1811 1869 Ne
1838 1828 2021 1883 vern,
2051 1804 2306 1893 hospes,
2332 1828 2409 1870 ne
2442 1826 2673 1893 quaere
2702 1802 2989 1892 profecto
3008 1850 3027 1881 ,

1155 1931 1350 2007 Quem
1393 1948 1604 1988 casum
1649 1946 1939 2012 portenta
1980 1924 2218 1990 ferant:
2262 1949 2382 2016 ego
2419 1948 2640 2011 poscor
2676 1927 2985 2013 Olympo.

1155 2048 1292 2108 Hoc
1333 2048 1582 2133 signum
1618 2047 1855 2108 cecinit
1900 2048 2223 2141 missuram
2262 2044 2415 2109 diva
2448 2047 2767 2123 creatrix,

1153 2166 1221 2227 Si
1263 2163 1500 2227 bellum
1544 2167 1912 2253 ingrueret;
1958 2167 2394 2251 Vulcaniaque
2435 2184 2604 2227 arma
2640 2184 2752 2249 per
2787 2185 2974 2225 auras

1153 2288 1448 2346 Laturam
1491 2285 1769 2347 auxilie.

1157 2404 1333 2479 Heu,
1374 2422 1656 2490 quantae
1695 2405 1935 2466 miseris
1978 2402 2203 2465 caedes
2240 2400 2667 2464 Laurentibus
2699 2396 2970 2465 instant!

1153 2524 1320 2601 Quas
1346 2542 1576 2609 poenas
1591 2521 1781 2601 mihi,
1804 2526 2013 2588 Turne
2029 2570 2047 2602 ,
2066 2516 2279 2588 dabis!
2298 2544 2481 2610 quani
2502 2522 2820 2588 multasub
2835 2524 3029 2589 undas

1156 2648 1350 2706 Scuta
1391 2641 1630 2722 virfim,
1675 2645 2051 2735 galeasque,
2092 2663 2157 2706 et
2194 2639 2391 2706 fortia
2426 2665 2693 2730 corpora
2730 2643 2979 2720 volves,

1154 2761 1408 2852 Thybri
1449 2758 1656 2849 pater!
1700 2781 1961 2849 poscant
2003 2766 2201 2840 acies,
2244 2781 2305 2824 et
2349 2759 2605 2826 foedera
2642 2781 2967 2850 rumpant.

1259 2886 1431 2946 Haec
1469 2882 1583 2947 ubi
1617 2883 1793 2947 dicta
1831 2883 2045 2960 dedit,
2086 2881 2245 2945 solio
2287 2905 2350 2945 se
2393 2881 2565 2944 tollit
2606 2880 2687 2945 ab
2724 2882 2888 2963 alto;

1155 3003 1237 3061 Et
1279 3003 1547 3084 primum
1594 3001 1922 3064 Herculeis
1964 3005 2201 3087 sopitas
2240 3001 2495 3092 ignibus
2532 3025 2669 3065 aras

1157 3120 1456 3194 Excitat,
1501 3117 1995 3208 hesternumque
2034 3127 2287 3199 Larem,
2324 3144 2677 3211 parvosque
2719 3125 2986 3184 Penates

1160 3239 1386 3299 Laetus
1429 3236 1600 3300 adit:
1642 3259 1922 3302 mactant
1961 3239 2161 3304 lectas
2204 3241 2283 3304 de
2321 3263 2486 3304 more
2528 3241 2817 3306 bidentes

1157 3355 1490 3419 Euandrus
1531 3360 1807 3444 pariter,
1851 3362 2094 3444 pariter
2130 3363 2411 3424 Troiana
2450 3363 2778 3423 iuventus.

1155 3477 1300 3537 Post
1339 3473 1496 3564 ,hinc
1537 3477 1614 3540 ad
1659 3500 1851 3540 naves
1892 3479 2217 3570 graditur,
2256 3483 2587 3568 sociosque
2627 3482 2885 3543 revisit:

1150 3599 1426 3674 Quorum
1467 3597 1542 3661 de
1584 3621 1877 3676 numere,
1914 3603 2029 3688 qui
2068 3621 2199 3663 sese
2242 3605 2308 3662 in
2346 3598 2519 3663 bella
2554 3617 2938 3686 sequantur,

1157 3717 1551 3780 Praestantes
1591 3718 1835 3781 virtute
1871 3718 2067 3809 legit:
2110 3743 2255 3806 pars
2293 3739 2508 3782 cetera
2546 3741 2742 3806 prona

1153 3839 1378 3899 Fertur
1420 3859 1624 3924 aqua,
1663 3841 2004 3928 segnisque
2040 3839 2314 3903 secundo
2353 3836 2580 3902 defluit
2622 3839 2819 3913 amni,

1148 3957 1394 4020 Nuntia
1433 3974 1707 4023 ventura
1750 3960 2021 4022 Ascanio
2058 3980 2397 4046 rerumque
2440 3960 2795 4044 patrisque.
