3400 5175
1092 624 1243 730 148
1737 644 1808 697 ι».
1907 642 2446 703 v1Rc1L11
2601 577 2843 704 Ι635

1173 784 1333 843 Tum
1372 775 1493 841 dea
1536 774 1701 841 nube
1743 798 1902 841 cava
1943 796 2194 843 tenuem
2235 786 2369 844 sine
2415 778 2662 847 viribus
2703 785 2988 849 umbram

1176 903 1253 962 In
1292 894 1521 963 faciem
1562 902 1812 959 Aeneae
1847 889 2042 983 (visu
2081 896 2376 963 mirabile
2419 902 2816 996 monstrum)
2877 915 2889 928 ·

1174 1016 1517 1082 Dardaniis
1557 1034 1738 1081 ornat
1773 1016 1952 1097 telis;
1993 1016 2401 1107 clipeumque
2438 1019 2746 1109 iubasque

1180 1137 1401 1200 Divini
1442 1134 1781 1201 adsimulat
1823 1139 2096 1223 capitis:
2140 1136 2246 1201 dat
2290 1140 2500 1201 inania
2541 1137 2776 1219 verba3

1181 1259 1307 1321 Dat
1347 1258 1485 1319 sine
1526 1273 1732 1319 mente
1768 1276 2016 1333 sonum,
2057 1278 2428 1348 gressusque
2465 1254 2709 1349 effingit
2751 1260 2992 1322 euntis.

1180 1380 1389 1439 Morte
1429 1375 1611 1440 obita
1652 1374 1874 1462 quales
1913 1371 2078 1438 fama
2115 1393 2208 1438 est
2247 1376 2524 1441 volitare
2561 1374 2824 1467 figuras,
2983 1349 2990 1353 “

1180 1499 1309 1557 Aut
1349 1516 1515 1581 quae
1554 1498 1796 1580 sopitos
1833 1491 2146 1557 deludunt
2181 1497 2423 1556 somnia
2457 1516 2700 1558 sensus.

1182 1616 1265 1675 At
1305 1616 1542 1704 primas
1577 1612 1752 1677 laeta
1791 1632 1936 1677 ante
1973 1616 2140 1676 acies
2179 1613 2462 1676 exsultat
2503 1617 2744 1704 imago,

1180 1734 1535 1819 Irritatque
1578 1736 1786 1795 virum
1829 1732 2011 1811 telis,
2051 1748 2116 1796 et
2159 1754 2313 1795 voce
2353 1732 2641 1795 lacessit.

1177 1856 1384 1917 Instat
1426 1854 1533 1915 cui
1576 1856 1860 1929 Turnus,
1899 1851 2402 1939 stridentemque
2441 1854 2686 1915 eminus
2725 1848 2970 1915 hastam

1176 1974 1485 2035 Coniicit:
1530 1969 1647 2035 illa
1686 1970 1842 2035 dato
1881 1974 2078 2035 vertit
2121 1973 2398 2059 vestigia
2440 1988 2654 2062 tergo.

1176 2096 1337 2159 Tum
1376 2112 1529 2155 vero
1567 2093 1822 2153 Aenean
1866 2113 2150 2155 aversum
2191 2107 2263 2152 ut
2305 2089 2528 2154 cedere
2568 2094 2818 2154 Turnus

1176 2208 1499 2286 Credidit,
1525 2229 1738 2297 mque
1773 2212 1979 2273 auimo
2007 2232 2178 2297 spem
2209 2208 2504 2275 turbidus
2532 2208 2744 2275 hausit
2775 2212 3054 2274 inanem:

1170 2333 1311 2410 Quo
1348 2326 1551 2420 fugis,
1596 2322 1850 2416 Aenea?
1891 2327 2202 2394 thalamos
2245 2352 2320 2393 ne
2361 2328 2576 2394 desere
2617 2348 2870 2417 pactos:

1174 2454 1308 2513 Hac
1348 2448 1611 2515 dabitur
1650 2448 1878 2516 dextra
1923 2452 2112 2518 tellus
2151 2456 2446 2541 quaesita
2487 2474 2600 2538 per
2641 2450 2870 2514 undas.

1169 2570 1355 2635 Talia
1389 2566 1746 2636 vociferans
1783 2576 2106 2662 sequitur,
2147 2577 2570 2661 strictumque
2607 2587 2900 2636 coruscat

1173 2695 1569 2756 Macronem:
1612 2715 1724 2756 nec
1765 2689 1930 2757 ferre
1967 2693 2143 2758 videt
2181 2716 2290 2756 sua
2333 2691 2572 2784 gaudia
2613 2707 2862 2754 ventos.

1170 2814 1361 2874 Forte
1401 2814 1554 2874 ratis
1596 2811 1750 2875 celsi
1791 2816 2126 2878 coniuncta
2163 2811 2492 2901 crepidine
2528 2814 2668 2876 saxi

1168 2931 1496 3015 Expositis
1535 2930 1746 2996 stabat
1783 2931 2005 3010 scalis,
2047 2949 2112 2996 et
2149 2951 2341 3020 ponte
2381 2951 2641 3019 parato;

1162 3049 1303 3125 Qua
1345 3068 1458 3110 rex
1498 3049 1778 3112 Clusinis
1815 3051 2120 3117 advectus
2160 3054 2411 3114 Osinius
2451 3054 2614 3114 oris.

1168 3167 1309 3226 Hire
1350 3187 1480 3229 sese
1517 3169 1773 3254 trepida
1817 3176 2060 3236 Aeneae
2099 3169 2408 3262 fugientis
2449 3173 2659 3258 imago

1092 3301 1101 3310 ·
1160 3284 1439 3346 Coniicit
1480 3287 1545 3348 in
1587 3284 1894 3354 latebras:
1931 3313 2044 3356 nec
2085 3297 2332 3356 Turnus
2369 3293 2620 3381 segnior
2661 3291 2886 3367 instat3

1162 3402 1651 3491 Exsuperatque
1692 3429 1928 3482 moras,
1967 3427 2032 3473 et
2075 3429 2298 3497 pontes
2339 3409 2614 3474 transilit
2658 3407 2847 3471 altos.

1161 3523 1288 3582 Vsix
1328 3542 1577 3607 proram
1617 3528 1962 3615 attigerat,
2002 3533 2240 3617 rumpit
2281 3533 2582 3593 Saturnia
2621 3525 2870 3606 funem,

1156 3638 1581 3729 Avulsamque
1626 3647 1796 3731 rapit
1840 3648 2130 3712 revoluta
2174 3671 2284 3735 per
2326 3671 2600 3737 aequora
2645 3670 2903 3711 navem.

1152 3756 1345 3823 Illum
1399 3779 1611 3826 autem
1656 3766 1896 3830 Aeneas
1937 3765 2365 3832 absentem-in
2409 3767 2653 3853 proelia
2699 3769 2937 3854 poscitt

1157 3875 1365 3944 Obvia
1410 3881 1610 3944 multa
1653 3879 1856 3986 viriiin
1895 3884 2178 3950 demittit
2215 3907 2482 3972 corpora
2523 3889 2750 3950 morti.

1158 3999 1317 4060 Tum
1362 3999 1525 4064 levis
1570 3997 1742 4068 hand
1784 4001 1958 4067 ultra
1999 4003 2273 4070 latebras
2310 4006 2433 4069 iam
2478 4007 2736 4094 quaerit
2781 4008 3017 4096 imago,
