3400 5175
983 668 1088 743 70
1619 660 1693 713 Ρ.
1753 630 2282 713 v1Ro1L1'1
2526 631 2629 733 75

1079 802 1280 860 Fonte
1323 810 1529 869 tenet,
1572 812 1974 880 quocumque
2012 788 2146 851 solo
2190 784 2663 873 pulcherrimus
2702 791 2879 868 exis;

1080 920 1337 999 Semper
1381 912 1617 976 honore
1657 934 1830 989 meo,
1872 930 2113 993 semper
2150 905 2560 971 celebrabere
2600 906 2817 985 donia,

1084 1035 1396 1121 Corniger
1435 1029 1855 1117 Hesperidum
1896 1026 2133 1092 fluvius
2174 1046 2472 1117 regnator
2508 1049 2844 1116 aquarum.

1079 1153 1268 1217 Adsis
1309 1175 1346 1215 o
1391 1171 1672 1227 tantum,
1716 1169 1779 1212 et
1826 1154 2087 1235 propius
2126 1167 2241 1211 tua
2285 1151 2542 1210 numina
2578 1146 2816 1211 firmes.

1079 1275 1186 1337 Sic
1233 1290 1566 1347 memorat,
1606 1274 2021 1360 geminasque
2062 1264 2224 1356 legit
2268 1264 2347 1329 de
2384 1266 2584 1330 classe
2626 1265 2930 1347 biremes,

1081 1396 1506 1483 Remigioque
1547 1410 1765 1477 aptat3
1808 1393 2009 1452 socios
2052 1386 2241 1451 simul
2284 1390 2547 1449 instruit
2592 1392 2814 1455 armis,

1182 1516 1346 1575 Ecce
1361 1531 1570 1575 autem
1589 1510 1807 1573 subitu
1820 1535 1873 1571 m
1890 1528 2087 1596 atque
2098 1508 2299 1571 oculis
2314 1507 2599 1572 mirabile
2616 1530 2985 1587 monstrum,

1085 1631 1374 1694 Candida
1411 1654 1522 1717 per
1559 1630 1785 1693 silvam
1823 1652 1964 1693 cum
2010 1626 2148 1691 fetu
2186 1627 2485 1691 concolor
2526 1626 2676 1693 albo

1087 1749 1477 1826 Procubuit,
1521 1747 1850 1835 viridique
1894 1751 1965 1835 in·
2002 1748 2193 1811 litore
2232 1750 2624 1834 conspicitur
2663 1770 2802 1810 sus:

1092 1874 1291 1949 Quam
1335 1871 1477 1954 pius
1517 1874 1763 1931 Aeneas
1803 1867 1926 1932 tibi
1966 1872 2164 1945 enim,
2210 1868 2366 1945 tibi,
2400 1872 2669 1931 maxima
2712 1870 2910 1945 Iuno,

1092 1992 1383 2063 Mactat,
1425 2009 1600 2051 sacra
1642 1985 1881 2065 ferens,
1923 2007 1985 2051 et
2025 2011 2165 2050 cum
2209 2010 2407 2077 grege
2444 1991 2616 2050 sistit
2658 1989 2735 2051 ad
2780 2012 2995 2064 aram,

1095 2106 1384 2197 Thybris
1410 2130 1484 2169 ea
1513 2104 1775 2171 fluvium
1794 2154 1811 2183 ,
1841 2130 2033 2195 quam
2062 2108 2255 2197 longa
2280 2126 2399 2186 est,
2425 2125 2613 2171 nocte
2644 2124 2993 2173 tumentem

1091 2229 1342 2305 Leniit,
1383 2246 1447 2289 et
1493 2230 1693 2291 tacita
1738 2224 2005 2290 refluens
2046 2230 2143 2290 ita
2181 2226 2472 2291 substitit
2516 2228 2717 2305 unda,

1093 2350 1283 2413 Mitis
1331 2366 1404 2412 ut
1449 2351 1513 2409 in
1560 2370 1788 2411 morem
1826 2350 2034 2436 stagni
2076 2346 2499 2435 placidaeque
2541 2347 2793 2433 paludis

1095 2474 1421 2533 Sterneret
1467 2490 1708 2556 aequor
1750 2470 1966 2556 aquis,
2010 2489 2179 2531 remo
2220 2485 2291 2529 ut
2330 2466 2651 2529 luctamen
2686 2465 2969 2530 abesset.

1095 2595 1269 2682 Ergo
1312 2594 1437 2653 iter
1482 2591 1809 2676 inceptum
1853 2589 2165 2652 celerant:
2210 2611 2462 2652 rumore
2500 2587 2774 2652 secundo

1101 2708 1368 2775 Labitur
1413 2727 1609 2774 uncta
1651 2707 1832 2774 vadis
1872 2705 2075 2771 abies:
2120 2711 2431 2772 mirantur
2469 2725 2535 2770 et
2576 2707 2816 2785 undae,

1101 2834 1382 2896 Miratur
1418 2851 1634 2894 nemus
1675 2831 1995 2891 insuetum
2034 2823 2354 2917 fulgentia
2390 2827 2579 2916 longe

1099 2957 1298 3016 Scuta
1340 2949 1548 3016 virum
1591 2947 1788 3012 fluvio
1831 2951 2174 3034 pictasque
2216 2951 2437 3009 innare
2477 2947 2761 3008 carinas.

1100 3071 1234 3134 Olli
1271 3074 1539 3160 remigio
1580 3087 1957 3156 noctemque
2000 3067 2295 3154 diemque
2336 3063 2655 3155 fatigant,

1106 3195 1190 3254 Et
1231 3191 1456 3280 longos
1493 3208 1797 3275 superant
1836 3187 2073 3266 flexus,
2110 3189 2435 3274 variisque
2478 3199 2784 3274 teguntur

1099 3308 1486 3387 Arboribus,
1530 3308 1898 3396 viridesque
1924 3324 2139 3370 secant
2170 3302 2429 3392 placido
2472 3323 2749 3389 aequore
2775 3299 3007 3363 silvas.

1105 3428 1214 3494 Sol
1259 3427 1534 3494 medium
1575 3431 1735 3493 caeli
1776 3425 2230 3494 conscenderat
2274 3428 2499 3514 igneus
2537 3421 2787 3497 orbem,

1104 3554 1309 3629 Quum
1355 3573 1562 3614 muros
1603 3571 1939 3638 arcemque
1978 3543 2205 3634 procul
2245 3566 2317 3608 ac
2359 3565 2500 3606 rara
2543 3541 2869 3606 domorum

1103 3674 1306 3735 Tecta
1343 3670 1610 3749 vident3
1654 3693 1817 3758 quae
1860 3689 2032 3734 nunc
2072 3669 2359 3728 Romana
2399 3663 2691 3748 potentia
2730 3657 2910 3722 caelo

1107 3796 1468 3880 Aequavit:
1513 3809 1642 3854 tum
1687 3812 1785 3853 res
1828 3792 2045 3874 inopes
2089 3781 2424 3882 Euandrus
2465 3779 2778 3844 habebat.

1106 3912 1296 3972 Ocius
1335 3909 1684 3978 advertunt
1726 3929 1978 3994 proras,
2022 3903 2299 3992 urbique
2341 3903 2813 3989 propinquant.

1204 4030 1395 4094 Forte
1435 4027 1543 4096 die
1581 4027 1950 4094 sollemnem
1994 4024 2109 4089 illo
2152 4043 2267 4088 rex
2310 4025 2507 4085 Arcas
2550 4017 2849 4086 honorem
