3400 5175
876 558 1035 635 252
1596 584 2049 639 CIBIS.
2226 590 2329 665 79

968 712 1278 779 Pristibus
1318 732 1381 779 et
1419 715 1683 780 canibus
1730 715 1968 780 rabidis
2007 716 2248 780 vallata
2282 738 2578 805 repente,

971 834 1327 898 Horribiles
1362 838 1601 899 circum
1644 836 1811 899 vidit
1850 856 1914 897 se
1949 839 2171 899 sistere
2207 834 2468 901 formas.

972 958 1113 1017 Heu
1150 958 1402 1042 quoties
1444 961 1668 1017 mirata
1713 976 1906 1017 novos
1946 956 2267 1041 expalluit
2309 952 2511 1020 artus!

970 1076 1113 1159 Ipsa
1148 1095 1293 1137 suos
1328 1078 1579 1162 quoties
1614 1072 1740 1137 heu
1779 1076 2112 1159 pertimuit
2152 1070 2453 1138 latratus!

972 1197 1143 1254 Ausa
1178 1192 1350 1279 quod
1390 1212 1481 1255 est
1524 1194 1746 1255 mulier
1787 1215 2014 1255 numen
2055 1189 2351 1257 fraudare
2391 1194 2686 1271 deorum,

974 1314 1052 1373 Et
1092 1311 1329 1376 dictam
1376 1317 1614 1376 Veneri.
1642 1330 1932 1375 votorum
1974 1330 2260 1407 avertere
2303 1336 2598 1399 poenam:

972 1436 1202 1512 Quam,
1240 1432 1405 1495 mala
1434 1431 1783 1518 multiplici
1816 1435 2111 1493 iuvenum
2137 1432 2310 1518 quod
2334 1451 2514 1519 septa
2541 1454 2798 1497 caterva

974 1554 1339 1629 Struxerat,
1376 1554 1513 1636 ipsa
1556 1555 1764 1613 auimo
1806 1554 2106 1614 meretrix
2143 1554 2383 1615 iactata
2425 1549 2738 1629 ferarum,

975 1666 1278 1733 Infamem
1317 1670 1437 1733 tali
1482 1674 1705 1733 merito
1749 1691 1989 1732 rumore
2028 1666 2225 1734 fuisse

974 1790 1179 1852 Docta
1224 1786 1631 1875 Palaephatia
1674 1806 1945 1851 testatur
1981 1810 2138 1853 voce
2179 1809 2494 1876 papyrus:

975 1906 1340 1996 Quidquid,
1365 1925 1429 1970 et
1456 1926 1527 1970 ut
1554 1910 1829 1995 quisque
1858 1924 1953 1970 est
1979 1906 2100 1969 tali
2127 1906 2204 1970 de
2235 1906 2420 1970 clade
2455 1906 2796 1993 loquutus,

976 2029 1199 2089 Omnia
1236 2029 1391 2089 sint:
1434 2030 1647 2113 potius
1684 2026 1876 2089 liceat
1917 2044 2239 2089 notescere
2279 2028 2494 2102 Cirin3

975 2150 1189 2232 Atque
1230 2166 1415 2209 unam
1456 2168 1535 2210 ex
1581 2146 1796 2209 multis
1833 2144 2105 2235 Scyllam
2149 2167 2271 2207 non
2305 2166 2432 2207 esse
2473 2144 2734 2230 puellis.

978 2268 1221 2343 Quare,
1263 2286 1465 2351 quae,
1506 2284 1728 2328 cantus
1769 2262 2106 2328 meditanti
2146 2270 2398 2328 mittere
2439 2282 2682 2339 certos,

978 2386 1214 2473 Magna
1259 2381 1415 2446 mihi
1460 2382 1697 2469 cupido
1749 2382 2066 2447 tribuistis
2111 2384 2422 2469 praemia,
2465 2380 2654 2445 divae

978 2500 1294 2579 Pierides,
1336 2526 1603 2592 quarum
1644 2520 1845 2567 castos
1885 2504 2113 2566 altaria
2151 2520 2361 2588 postes

978 2627 1243 2686 Munere
1278 2645 1463 2709 saepe
1506 2645 1639 2686 meo
1681 2620 2008 2699 inficiunt,
2046 2617 2422 2709 foribusque
2463 2615 2810 2708 hyacinthi

980 2747 1319 2829 Deponunt
1362 2741 1577 2820 flores,
1622 2763 1732 2804 aut
1771 2763 1967 2805 suave
2007 2738 2236 2804 rubens
2279 2741 2630 2814 narcissus,

981 2866 1111 2925 Aut
1148 2883 1369 2926 crocus
1402 2863 1645 2925 alterna
1688 2863 2077 2950 coniungens
2116 2859 2254 2922 lilia
2295 2854 2546 2933 caltha3

982 2985 1332 3070 Sparsaque
1370 2981 1696 3048 liminibus
1739 2979 1918 3044 floret
1959 2996 2124 3055 rosa;
2171 2997 2332 3040 nunc
2377 2997 2526 3065 age,
2567 2973 2786 3051 divae,

980 3103 1325 3186 Praecipue
1368 3118 1577 3164 nostro
1620 3121 1788 3162 nunc
1831 3097 2148 3184 adspirate
2189 3093 2428 3166 labori,

982 3224 1195 3308 Atque
1236 3243 1463 3284 novum
1504 3239 1760 3282 aeterno
1802 3218 2157 3304 praetexite
2197 3210 2433 3275 honore
2474 3210 2798 3273 volumen.

1077 3343 1235 3400 Sunt
1279 3339 1648 3403 Pandioniis
1687 3341 1939 3402 vicinae
1977 3331 2230 3398 sedibus
2269 3329 2489 3407 urbes,

981 3461 1255 3519 Actaeos
1294 3459 1461 3520 inter
1502 3456 1697 3520 colles
1735 3475 1800 3520 et
1837 3451 2111 3520 candida
2147 3449 2378 3514 Thesei

981 3579 1325 3662 Purpureis
1363 3575 1495 3639 late
1536 3576 1816 3638 ridentia
1849 3577 2044 3639 litora
2083 3568 2378 3636 conchis:

980 3700 1256 3776 Quarum
1294 3717 1413 3759 non
1454 3694 1575 3758 ulli
1618 3691 1784 3758 fama
1823 3690 2168 3758 concedere
2209 3689 2405 3777 digna

982 3821 1123 3879 Stat
1166 3821 1465 3906 Megara,
1510 3819 1707 3906 Argei
1745 3811 2061 3903 quondam
2105 3811 2350 3898 munita
2387 3803 2604 3869 labore

984 3932 1325 4014 Alcathoi,
1368 3933 1778 4023 Phoebique;
1813 3934 1968 3997 deus
2011 3951 2284 4018 namque
2323 3922 2532 3990 adfuit
2573 3921 2708 3986 illi:
