3400 5175
1131 596 1540 687 PVBLI
1558 604 1601 688 I

652 850 1269 953 VIRGILII
1388 855 1927 961 MARON
1931 860 2056 965 IS

982 1136 1714 1217 AENEIDOS

898 1427 1276 1497 LIBER
1368 1425 1816 1496 NONVS.

1004 1670 1669 1713 m

452 1892 753 2057 Atque
792 1992 865 2033 ea
908 1970 1161 2035 diversa
1206 1976 1461 2059 penitus
1502 1973 1649 2040 dum
1692 1992 1876 2063 parte
1916 1994 2256 2068 geruntur,

450 2092 599 2152 Irim
642 2088 725 2151 de
762 2090 945 2154 caelo
986 2094 1157 2157 misit
1198 2096 1501 2159 Saturnia
1537 2099 1697 2159 Iuno

452 2208 769 2273 Audacem
798 2209 881 2274 ad
918 2214 1232 2276 Turnum.
1278 2218 1449 2279 Luco
1492 2232 1625 2279 tum
1667 2213 1833 2282 forte
1874 2218 2158 2303 parentis

446 2328 723 2393 Pilumni
764 2332 1018 2395 Turnus
1060 2350 1311 2397 sacrata
1349 2333 1519 2398 valle
1559 2335 1855 2399 sedebat.

452 2447 550 2512 Ad
588 2471 777 2537 quem
818 2453 911 2513 sic
955 2474 1131 2515 roseo
1170 2450 1626 2518 Thaumantias
1666 2478 1774 2519 ore
1813 2454 2090 2546 loquuta
2130 2474 2252 2522 est:

447 2569 693 2648 Turne,
733 2570 907 2658 quod
942 2576 1193 2660 optanti
1236 2570 1451 2640 divum
1494 2578 1868 2662 promittere
1911 2599 2089 2642 nemo

448 2686 765 2765 Auderet,
808 2689 1121 2757 volvenda
1162 2693 1331 2774 dies,
1372 2717 1484 2773 en,
1529 2695 1754 2759 attulit
1798 2694 2004 2758 ultro.

446 2813 725 2887 Aeneas,
764 2809 957 2889 urbe,
998 2831 1061 2876 et
1106 2817 1329 2894 sociis,
1366 2833 1433 2878 et
1476 2814 1677 2879 classe
1719 2814 1986 2890 relicta,

447 2933 707 3016 Sceptra
750 2931 1027 2997 Palatini
1066 2933 1407 3023 sedemque
1448 2934 1613 3023 petit
1656 2931 1975 2997 Euandri.

442 3051 575 3114 Nec
612 3053 801 3114 satis:
840 3067 1153 3116 extremas
1193 3053 1472 3143 Corythi
1517 3055 1876 3142 penetravit
1919 3049 1998 3118 ad
2041 3049 2268 3129 urbes;

440 3167 901 3258 Lydorumque
940 3195 1225 3250 manum,
1268 3175 1575 3238 collectos
1618 3190 1816 3236 armat
1861 3189 2138 3264 agrestes
2167 3219 2182 3234 .

442 3289 605 3368 Quid
624 3285 928 3356 dubitas?
941 3314 1018 3354 nu
1028 3315 1102 3356 nc
1117 3311 1361 3381 tempus
1376 3315 1574 3380 equos
1591 3341 1609 3370 ,
1628 3315 1796 3358 nunc
1810 3315 2067 3379 poscere
2079 3315 2306 3358 currus
2321 3339 2336 3353 .

444 3410 691 3497 Rumpe
728 3433 931 3475 moras
971 3433 1212 3492 omnes,
1254 3431 1315 3477 et
1356 3412 1621 3478 turbata
1654 3413 1877 3500 adripe
1915 3431 2158 3476 castra.

442 3532 664 3609 Dixit,
706 3513 771 3594 et
814 3535 877 3596 in
918 3532 1164 3598 caelum
1206 3533 1471 3620 paribus
1508 3556 1573 3595 se
1614 3533 1880 3596 sustulit
1922 3533 2076 3610 alis;

450 3651 913 3739 Ingentemque
956 3650 1111 3744 fuga
1146 3657 1353 3718 secuit
1393 3652 1511 3718 sub
1550 3652 1829 3718 nubibus
1856 3675 2102 3717 arcum.

444 3768 769 3861 Adgnovit
804 3774 1091 3851 iuvenis,
1132 3773 1555 3861 duplicesque
1594 3773 1673 3836 ad
1715 3770 1926 3835 sidera
1969 3769 2205 3856 palmas

448 3890 755 3969 Sustulit,
796 3909 860 3954 et
904 3893 1021 3956 tali
1064 3890 1419 3985 fugientem
1458 3912 1551 3958 est
1590 3914 1748 3956 voce
1785 3907 2133 3977 sequutus:

441 4010 573 4088 Iri,
614 4009 811 4076 decus
851 4013 1047 4093 caeli,
1090 4017 1235 4103 quis
1278 4033 1341 4077 te
1382 4011 1541 4080 mibi
1576 4008 1852 4077 nubibus
1889 4025 2090 4072 actam
