3400 5175
765 654 1228 715 animnos
1291 654 1464 708 mn.
1526 654 1731 710 v111.
1854 634 2017 735 607
2186 634 2289 737 89

411 791 808 865 Succedunt,
849 788 1128 877 fessique
1165 807 1228 849 et
1265 808 1462 873 equos
1503 803 1567 850 et
1609 808 1880 874 corpora
1915 807 2171 852 curant.

509 917 594 974 At
635 914 848 973 Venus
891 907 1208 971 aetherios
1250 908 1414 967 inter
1445 908 1567 968 dea
1597 906 1864 969 candida
1908 908 2147 971 nimbos

421 1036 599 1093 Dona
641 1026 853 1091 ferens
888 1026 1150 1101 'aderat3
1192 1043 1539 1110 natumque
1579 1028 1642 1087 in
1683 1025 1853 1088 valle
1895 1027 2160 1091 reducta

421 1154 501 1211 Vt
541 1146 776 1234 procul
815 1166 880 1207 et
924 1142 1141 1235 gelido
1179 1162 1492 1205 secretum
1533 1140 1788 1207 flumine
1830 1144 2031 1221 vidit,

417 1264 692 1329 Talibus
730 1259 957 1327 adfata
999 1281 1089 1325 est
1131 1261 1355 1335 dictis,
1399 1280 1594 1346 seque
1630 1260 1872 1325 obtulit
1909 1262 2116 1326 ultro:

417 1388 508 1447 En
551 1380 846 1469 perfecta
883 1384 1004 1444 mei
1048 1380 1354 1467 promissa
1395 1382 1691 1467 coniugis
1731 1398 1862 1443 arte

421 1507 718 1566 Munera:
765 1521 842 1561 ne
887 1521 1026 1561 mox
1073 1519 1184 1561 aut
1227 1501 1616 1575 Laurentes,
1661 1518 1841 1575 nate,
1878 1498 2214 1586 superbos,

421 1624 548 1683 Aut
589 1641 798 1683 acrem
841 1618 1098 1685 dubites
1139 1622 1204 1680 in
1243 1617 1488 1706 proelia
1537 1637 1797 1702 poscere
1832 1622 2145 1682 Turnum.

421 1739 640 1811 Dixit,
679 1756 744 1799 et
788 1735 1118 1821 amplexus
1158 1740 1296 1799 nati
1339 1733 1663 1823 Cytherea
1705 1740 1973 1824 petivit:

423 1861 610 1919 Arma
653 1854 774 1919 sub
815 1854 1079 1919 adversa
1123 1858 1356 1942 posuit,
1385 1855 1700 1918 radiantia
1740 1878 2019 1943 quercu.

423 1973 542 2037 Ille
579 1971 742 2037 deae
784 1971 968 2035 donis
1009 1992 1071 2036 et
1111 1992 1290 2037 tanto
1331 1974 1538 2037 laetus
1579 1972 1815 2038 honore

425 2094 694 2179 Expleri
730 2094 992 2180 nequit,
1032 2110 1225 2179 atque
1267 2092 1488 2156 oculos
1524 2116 1635 2179 per
1673 2093 1928 2183 singula
1967 2094 2203 2171 volvit,

429 2217 874 2298 Miraturque,
918 2213 1216 2300 interque
1257 2234 1474 2277 manus
1513 2231 1578 2275 et
1619 2211 1883 2277 brachia
1919 2232 2131 2277 versat

423 2332 814 2395 Terribilem
859 2334 1072 2395 cristis
1114 2333 1358 2422 galeam
1401 2330 1804 2419 flammasque
1847 2350 2231 2407 vomentem,

437 2450 924 2539 fatiferumque
964 2474 1205 2530 ensem,
1246 2452 1508 2515 loricam
1548 2472 1627 2515 ex
1668 2471 1814 2515 aere
1855 2452 2163 2541 rigentem
2188 2496 2206 2527 ,

385 2568 392 2575 ’
437 2574 870 2663 Sanguineam
891 2619 912 2650 ‚
948 2574 1304 2663 ingentem;
1333 2571 1582 2660 qualis,
1621 2591 1817 2657 quum
1847 2570 2099 2634 caerula
2131 2566 2324 2634 nubes

435 2692 604 2754 Solis
648 2689 998 2754 inardescit
1041 2690 1274 2768 radiis,
1318 2691 1640 2780 longeque
1673 2687 1987 2778 refulget3

439 2812 595 2872 Tum
637 2809 815 2872 leves
853 2831 1069 2873 ocreae
1108 2811 1346 2874 electro
1388 2831 1674 2899 auroque
1716 2825 2007 2886 recocto,

439 2933 874 3016 Hastamque,
917 2947 980 2991 et
1023 2931 1216 3018 clipei
1257 2951 1382 2992 non
1423 2928 1779 2994 enarrabile
1818 2916 2097 2991 textum*-

435 3047 586 3111 Illic
629 3069 728 3110 res
766 3047 1001 3124 Italae,
1045 3049 1594 3140 Romanorumque
1630 3046 2024 3136 triumphos,

439 3165 626 3231 Haud
671 3185 886 3228 vatum
931 3169 1188 3256 ignarus
1226 3173 1612 3258 venturique
1647 3173 1887 3234 inscius
1927 3172 2105 3248 aevi,

438 3289 702 3348 Fecerat
745 3287 1160 3374 Ignipoten83
1207 3287 1346 3350 illic
1383 3309 1582 3378 genus
1623 3312 1803 3352 omne
1844 3285 2098 3354 futurae

441 3405 676 3490 Stirpis
719 3401 800 3466 ab
837 3407 1149 3482 Ascani0‚
1191 3425 1609 3496 pugnataque
1645 3411 1711 3470 in
1752 3409 1973 3472 ordine
2012 3407 2211 3476 bella.

441 3525 708 3586 Fecerat
750 3539 813 3584 et
853 3523 1054 3588 viridi
1095 3520 1296 3588 fetam
1339 3531 1648 3590 Mavortis
1689 3529 1756 3592 in
1792 3546 1975 3591 antro

443 3639 866 3705 Procubuiese
907 3643 1154 3729 lupam:
1201 3647 1481 3734 geminos
1523 3621 1670 3711 huic
1714 3646 1907 3711 ubera
1944 3651 2187 3713 circum

445 3760 691 3824 Ludere
735 3759 1084 3846 pendentes
1125 3784 1388 3849 pueros,
1426 3783 1488 3830 et
1529 3766 1805 3830 lambere
1848 3784 2110 3828 matrem

441 3877 842 3966 Impavidoa;
887 3880 1060 3943 illam
1105 3885 1293 3950 tereti
1333 3887 1581 3948 cervice
1619 3881 1913 3946 reflexam

445 4000 736 4064 Mulcere
779 3997 1091 4078 alternos,
1133 4017 1196 4064 et
1237 4024 1504 4090 corpora
1544 4002 1779 4093 fingere
1820 4002 2067 4092 lingua.
