3400 5175
937 570 1093 647 226
1560 590 1632 645 Ρ.
1724 591 2290 651 v11t01n11
2527 582 2686 683 916

1030 728 1162 789 Nec
1202 744 1427 787 currus
1466 738 1736 809 usquam
1781 724 1990 803 videt,
2029 730 2396 819 aurigamve
2435 754 2742 803 sororem.

1032 844 1378 907 Cunctanti
1420 840 1617 903 teluni
1660 848 1900 907 Aeneas
1939 840 2139 910 fatale
2175 870 2506 929 coruscat,

1030 964 1307 1027 Sortitus
1346 958 1665 1025 fortunam
1707 966 1945 1042 oculis3
1987 982 2052 1027 et
2092 986 2357 1051 corpore
2399 984 2538 1031 toto

1034 1085 1293 1145 Eminus
1336 1085 1701 1168 intorquet.
1755 1084 1994 1147 Murali
2031 1089 2288 1151 concita
2327 1110 2644 1176 nunqnam

1032 1207 1373 1265 Tormento
1412 1204 1503 1265 sic
1546 1223 1695 1265 saxa
1737 1198 2048 1281 fremunt,
2087 1228 2200 1269 nec
2241 1204 2509 1271 fulmine
2551 1212 2715 1271 tanti

1032 1322 1391 1386 Dissnltant
1432 1326 1746 1408 crepitus.
1801 1324 1989 1387 Volat
2031 1330 2156 1389 atri
2203 1326 2480 1391 turbinis
2518 1331 2719 1391 instar

1032 1446 1321 1507 Exitium
1364 1440 1573 1505 dirum
1619 1438 1806 1504 hasta
1854 1439 2090 1522 ferens,
2132 1468 2406 1533 orasque
2451 1446 2730 1510 recludit

1032 1566 1327 1639 Loricae‚
1370 1580 1433 1625 et
1477 1562 1673 1648 clipei
1716 1582 2028 1626 extremos
2063 1565 2497 1651 septemplicis
2536 1565 2754 1642 orbes,

1032 1687 1113 1746 Et
1154 1682 1425 1747 medium
1465 1682 1738 1745 stridens
1779 1686 2008 1745 transit
2049 1679 2282 1747 femur.
2339 1683 2582 1749 Incidit
2623 1688 2791 1748 ictus

1034 1808 1265 1891 Ingens
1304 1800 1383 1864 ad
1422 1822 1645 1863 terram
1687 1800 2028 1887 duplicato
2069 1800 2315 1887 poplite
2354 1806 2644 1866 Turnus.

1030 1925 1435 2010 Consurgunt
1477 1923 1722 2009 gemitu
1766 1920 2023 1997 Rutuli,
2065 1940 2364 2009 totusque
2407 1924 2680 2012 remugit

1032 2044 1217 2102 Mons
1256 2044 1532 2115 circum,
1576 2056 1639 2101 et
1684 2060 1898 2103 vocem
1937 2038 2070 2103 late
2109 2062 2362 2103 nemora
2389 2040 2518 2102 alta
2547 2041 2911 2102 remittunt.

1033 2160 1155 2223 Ille
1178 2158 1435 2223 humilis
1463 2159 1867 2247 supplexque
1879 2157 2098 2222 oculos
2113 2158 2534 2246 dextramque
2557 2180 2910 2245 precantem

1034 2280 1451 2355 Protendens,
1500 2276 1808 2366 Equidem
1855 2280 2085 2352 merui,
2131 2296 2244 2339 nec
2283 2274 2618 2362 deprecor,
2663 2280 2914 2364 inquit;

1031 2404 1227 2465 Vtere
1267 2416 1433 2463 sorte
1476 2417 1617 2461 tua.
1670 2400 1897 2461 Miseri
1941 2414 2006 2459 te
2047 2397 2100 2459 si
2139 2418 2268 2483 qua
2308 2399 2586 2483 parentis
2658 2474 2698 2487 fi

1033 2524 1326 2612 Tangere
1362 2542 1517 2583 cura
1562 2535 1810 2606 potest;
1853 2540 1995 2595 oro,
2037 2513 2218 2605 (fuit
2257 2534 2320 2578 et
2365 2514 2488 2579 tibi
2529 2498 2682 2579 talis

1032 2639 1335 2704 Anchises
1375 2635 1679 2731 genitor)
1724 2641 1933 2702 Dauni
1972 2641 2266 2718 miserere
2303 2654 2628 2700 senectae:

1028 2766 1113 2825 Et
1158 2784 1281 2837 me,
1322 2782 1431 2823 seu
1473 2780 1705 2844 corpus
1743 2757 2084 2844 spoliatum
2123 2757 2362 2818 lumine
2407 2758 2643 2832 mavis,

1028 2881 1248 2945 Redde
1292 2883 1479 2944 meis.
1524 2881 1790 2954 Vicisti3
1831 2893 1896 2940 et
1933 2877 2177 2939 victum
2221 2875 2477 2938 tendere
2517 2877 2752 2961 palmas

1030 3002 1299 3064 Ausonii
1336 2997 1588 3062 videre:
1637 3015 1747 3058 tua
1786 3013 1878 3058 est
1919 2997 2182 3058 Lavinia
2219 2999 2486 3058 coniux:

1028 3118 1317 3182 Vlterius
1360 3137 1435 3178 ne
1470 3088 1663 3177 tende
1702 3115 1903 3177 odiis.
1957 3116 2151 3176 Stetit
2193 3137 2337 3178 acer
2379 3118 2442 3176 in
2487 3117 2676 3178 armis

1032 3241 1305 3312 Aeneas,
1346 3236 1607 3297 volvens
1648 3235 1902 3311 oculos,
1940 3233 2357 3322 dextramque
2395 3237 2723 3321 repressit:

1028 3360 1110 3419 Et
1152 3357 1279 3416 iam
1318 3355 1574 3440 iamque
1617 3356 1816 3443 magis
1855 3373 2258 3420 cunctantem
2305 3353 2557 3419 flectere
2595 3377 2792 3418 sermo

1030 3479 1374 3560 Coeperat3
1418 3469 1649 3536 infelix
1696 3471 1954 3536 humero
1991 3497 2188 3562 quum
2228 3477 2523 3560 apparuit
2561 3473 2696 3537 alto

1032 3593 1322 3669 Balteus,
1364 3611 1427 3656 et
1468 3595 1633 3655 notis
1672 3589 1984 3656 fulserunt
2023 3592 2284 3684 cingula
2325 3594 2523 3657 bullis

1032 3713 1342 3777 Pallantis
1383 3717 1603 3800 pueri;
1648 3716 1886 3776 victum
1925 3735 2110 3800 quem
2149 3713 2413 3775 vulnere
2455 3716 2706 3775 Turnus

1030 3837 1398 3910 straverat,
1435 3853 1630 3920 atque
1670 3829 1949 3895 humeris
1988 3835 2316 3896 inimicum
2347 3837 2595 3922 insigne
2617 3831 2915 3921 gerebat.

1032 3951 1183 4031 Ille,
1221 3953 1429 4018 oculis
1466 3972 1803 4041 postquam
1845 3955 2021 4018 saevi
2063 3969 2463 4016 monumenta
2497 3950 2735 4016 doloris
