3400 5175
847 596 1311 657 AENEIDOS
1375 598 1548 654 Lm.
1611 601 1696 653 x.
1820 576 1982 679 607
2183 594 2337 681 ¹47

422 742 513 801 Vt
560 732 838 813 rebare,
877 738 1095 797 Venus
1131 726 1297 821 (nec
1339 750 1404 797 te
1446 736 1762 797 sententia
1791 730 2016 817 fallit)

426 860 753 920 Troianas
790 870 1103 917 sustentat
1143 875 1329 939 opes:
1372 876 1495 915 non
1534 852 1756 917 vivida
1794 852 1966 918 bello

430 978 687 1039 Dextra
730 976 921 1051 viris„
958 974 1331 1059 animusque
1368 968 1589 1051 ferox,
1629 975 2006 1061 patiensque
2046 972 2270 1059 pericli
2294 1015 2312 1035 .

434 1097 561 1157 Cui
600 1098 772 1157 Iuno
804 1092 1144 1157 submissa:
1186 1090 1389 1172 Quid,
1428 1116 1465 1155 o
1506 1090 1930 1181 pulcherrime
1970 1095 2238 1170 coniux,

436 1212 779 1277 Sollicitas
820 1234 1109 1302 aegram,
1151 1228 1215 1275 et
1260 1230 1373 1275 tua
1414 1213 1629 1277 tristia
1666 1210 1846 1276 dicta
1877 1204 2248 1275 timentem?

440 1334 510 1393 Si
536 1330 701 1396 mihi
720 1378 738 1409 ,
755 1354 923 1419 quae
944 1331 1259 1418 quondam
1274 1328 1485 1397 fuerat
1504 1377 1523 1410 ‚
1548 1352 1866 1419 quamque
1891 1351 2024 1392 esse
2049 1328 2312 1393 decebat
2329 1376 2346 1405 ,

438 1452 563 1512 vis
607 1454 677 1513 in
714 1471 925 1515 amore
966 1446 1177 1529 foret3
1222 1474 1343 1515 non
1382 1447 1505 1514 hoc
1549 1447 1704 1515 mihi
1749 1470 2018 1536 namque
2055 1470 2350 1535 negareS,

450 1572 905 1657 Omnipotens,
947 1572 1101 1657 quin
1138 1588 1201 1634 et
1246 1591 1499 1660 pugnae
1534 1566 1886 1632 subducere
1929 1571 2244 1645 Turnum,

454 1692 543 1750 Et
584 1694 815 1753 Dauno
852 1712 1089 1777 possem
1131 1690 1501 1754 incolumem
1542 1710 1794 1752 servare
1836 1688 2120 1774 parenti.

450 1809 647 1873 ‘Nunc
688 1827 945 1895 pereat,
988 1812 1379 1898 Teucrisque
1418 1811 1526 1896 pio
1566 1806 1672 1871 det
1717 1808 2024 1897 sanguine
2065 1826 2320 1893 poenas,

456 1927 585 1991 Ille
626 1944 833 1991 tamen
876 1946 1095 1991 nostra
1128 1927 1393 1994 deducit
1430 1929 1681 2015 origine
1719 1944 1975 2003 nomen;

458 2046 921 2135 Pilumnusque
962 2046 1065 2111 illi
1106 2062 1373 2135 quartus
1412 2064 1627 2135 patei-3
1668 2064 1730 2109 et
1775 2064 1888 2109 tua
1925 2044 2107 2135 larga

462 2170 669 2255 Saepe
708 2190 891 2232 mauu
930 2167 1281 2256 multisque
1320 2170 1607 2231 oneravit
1648 2166 1873 2230 limina
1913 2162 2125 2228 donis.

465 2288 589 2351 Cui
629 2310 742 2351 rex
785 2284 1060 2350 aetherii
1097 2284 1383 2351 breviter
1414 2287 1508 2350 sie
1544 2281 1714 2349 fatur
1751 2284 2041 2372 Olympi:

472 2408 539 2471 Si
578 2427 751 2471 mota
794 2410 1147 2492 praesentis
1186 2404 1302 2469 leti
1348 2422 1720 2491 tempusque
1761 2401 2005 2467 caduco

470 2528 703 2589 Oratur
746 2528 1003 2604 iuveni,
1046 2544 1269 2615 meque
1305 2522 1423 2590 hoc
1466 2528 1557 2588 ita
1597 2544 1828 2612 ponere
1863 2524 2099 2600 sentis;

476 2649 657 2713 Tolle
700 2646 859 2739 fuga
900 2651 1221 2724 Turnum,
1258 2664 1454 2735 atque
1489 2640 1886 2710 instantibus
1926 2644 2101 2728 eripe
2141 2635 2327 2703 fatis-

483 2771 809 2833 Hactenus
848 2765 1190 2832 indulsisse
1228 2784 1446 2831 vacat.
1486 2767 1597 2828 Sin
1638 2762 1830 2825 altior
1871 2763 2012 2824 istis

483 2886 611 2952 Sub
653 2887 951 2973 precibus
990 2889 1177 2949 venia
1212 2883 1347 2949 ulla
1386 2883 1547 2948 latet
1571 2929 1590 2960 ,
1627 2899 1960 2968 totumque
2003 2877 2239 2940 moveri

483 3007 807 3068 Mutarive
850 3022 1039 3091 putas
1079 3003 1353 3081 bellum;
1394 3025 1533 3090 spes
1573 3002 1777 3091 pascis
1821 3004 2068 3064 inanes.

484 3127 565 3186 Et
604 3127 767 3188 Iuno
808 3123 1279 3215 adlacrymans:
1316 3123 1483 3205 Quid
1518 3127 1601 3199 si,
1645 3118 1818 3210 quod
1860 3141 2014 3184 voce
2055 3115 2372 3207 gravaris,

485 3245 703 3306 Mente
740 3243 959 3322 dares;
1002 3260 1197 3330 atque
1239 3240 1395 3308 haec
1440 3247 1654 3308 Turno
1694 3259 1837 3306 rata
1877 3242 2018 3303 vita
2057 3231 2365 3302 maneret!

486 3363 669 3426 Nunc
714 3381 923 3426 manet
968 3366 1277 3426 insontem
1322 3365 1537 3453 gravis
1578 3364 1824 3426 exitus:
1872 3375 1982 3424 aut
2024 3379 2144 3449 ego
2180 3360 2319 3422 veri

493 3481 667 3542 Vana
710 3475 905 3544 feror.
946 3481 1127 3561 Quod
1170 3499 1241 3544 ut
1282 3503 1319 3544 o
1360 3452 1575 3568 potius
1613 3477 1950 3545 formidine
1989 3475 2150 3542 falsa

497 3597 738 3677 Ludat,
776 3620 839 3662 et
878 3603 943 3663 iu
984 3599 1211 3665 melius
1254 3619 1399 3678 tua,
1443 3602 1555 3688 qui
1599 3619 1811 3687 potes,
1849 3585 1985 3662 oisa
2029 3590 2340 3662 reflectas!

498 3719 667 3782 Haec
704 3716 819 3783 ubi
862 3717 1033 3782 dicta
1076 3718 1287 3796 dedit,
1328 3720 1505 3784 caelo
1546 3741 1609 3783 se
1651 3721 1943 3806 protinus
1983 3715 2118 3778 alto

500 3837 721 3911 Misit,
756 3859 947 3926 agens
988 3837 1255 3902 hiemem
1300 3839 1509 3904 nimbo
1548 3840 1873 3903 succincta
1915 3855 2026 3921 per
2067 3852 2287 3911 auras;

503 3954 897 4045 Iliacamque
940 3961 1173 4035 aciem,
1216 3975 1281 4020 et
1322 3960 1667 4022 Laurentia
1708 3973 1912 4019 castra
1955 3954 2230 4041 petivit.
