3400 5175
1022 610 1127 717 96
1668 636 1743 687 P.
1817 633 2331 689 vrnctnrr
2681 636 2772 713 19

1117 767 1369 833 Detulit
1412 772 1479 831 in
1523 760 1765 830 terras?
1805 766 1968 830 unde
2005 763 2163 829 haec
2206 748 2332 829 tani
2375 764 2544 829 clara
2587 784 2850 853 repente

1116 882 1528 977 Tempestas?
1572 889 1844 951 medium
1885 886 2076 950 video
2113 883 2443 948 discedere
2487 886 2773 963 caelum,

1120 1010 1537 1097 Palantesque
1576 1010 1728 1095 polo
1771 1008 2023 1071 stellas.
2065 1010 2310 1093 Sequor
2347 1006 2555 1068 omina
2601 1024 2807 1083 tanta,

1120 1132 1421 1217 Quisquis
1460 1132 1526 1192 in
1567 1150 1736 1191 arma
1775 1150 1997 1191 vocas.
2043 1132 2121 1189 Et
2165 1128 2256 1189 sic
2297 1121 2530 1187 effatus
2572 1122 2654 1189 ad
2697 1123 2928 1188 undam

1122 1252 1471 1323 Processit,
1515 1268 1886 1335 summoque
1923 1246 2140 1310 hausit
2181 1245 2260 1308 de
2299 1247 2562 1333 gurgite
2601 1241 2934 1333 lymphas,

1126 1367 1337 1431 Multa
1375 1366 1528 1431 deos
1567 1390 1780 1431 orans.
1823 1356 1868 1403 ²*
1909 1366 2329 1453 oneravitque
2366 1360 2628 1426 aethera
2665 1366 2864 1426 votis.
2913 1353 2964 1398 ³*

1224 1490 1486 1574 Iamque
1514 1488 1716 1549 omnis
1755 1490 1990 1572 campis
2031 1488 2348 1549 exercitus
2389 1482 2524 1547 ibat
2569 1486 2838 1569 apertis,

1122 1609 1323 1669 Dives
1360 1602 1627 1693 equum,
1666 1604 1846 1669 dives
1885 1610 2084 1694 pictai
2123 1608 2320 1667 vestis
2360 1622 2422 1667 et
2467 1605 2639 1665 auri.

1122 1729 1452 1813 Messapus
1492 1729 1727 1811 primas
1767 1730 1965 1804 acies,
2011 1745 2322 1811 postrema
2361 1743 2654 1787 coercent

1120 1842 1485 1933 Tyrrhidae
1528 1849 1823 1923 iuvenes;
1866 1846 2072 1909 medio
2115 1844 2245 1909 dux
2289 1848 2538 1935 agmine
2579 1848 2869 1907 Turnus:

1121 1966 1257 2025 Ceu
1292 1983 1531 2049 septem
1570 1984 1835 2053 surgens
1871 1964 2104 2028 sedatis
2145 1963 2432 2028 amnibus
2473 1964 2642 2027 altus

1119 2084 1239 2145 Per
1284 2084 1553 2165 taciturn
1594 2086 1881 2174 Ganges,
1926 2101 2034 2146 aut
2077 2086 2303 2174 pingui
2344 2082 2602 2147 flumine
2641 2084 2861 2162 Nilus,

1123 2204 1327 2281 Quum
1370 2198 1580 2264 refluit
1621 2202 1898 2288 campis,
1937 2222 2002 2265 et
2045 2207 2166 2267 iam
2206 2226 2270 2266 se
2313 2203 2599 2267 condidit
2640 2201 2850 2265 alveo.

1126 2322 1251 2385 mc
1294 2318 1567 2385 subitam
1607 2326 1790 2413 nigro
1831 2324 2168 2414 glomerari
2209 2324 2469 2410 pulvere
2510 2320 2736 2386 nubem

1128 2438 1531 2526 Prospiciunt
1575 2444 1842 2520 Teucri,
1885 2465 1958 2507 ac
1999 2443 2290 2510 tenebras
2329 2446 2654 2533 insurgere
2695 2442 2962 2529 campis.

1125 2562 1373 2624 Primus
1411 2558 1493 2624 ab
1536 2560 1807 2652 adversa
1849 2564 2198 2628 conclamat
2239 2561 2401 2626 mole
2439 2565 2700 2627 Ga‘icus:

1129 2677 1286 2754 Quis
1324 2675 1587 2766 globus,
1628 2701 1665 2742 o
1706 2683 1920 2758 cives,
1961 2681 2243 2774 caligine
2284 2682 2569 2746 volvitur
2609 2675 2776 2744 atra!

1128 2797 1317 2860 Ferte
1356 2799 1472 2860 citi
1514 2793 1782 2878 ferrum,
1825 2800 1974 2864 date
2015 2803 2177 2881 tela,
2215 2802 2504 2867 scandite
2541 2823 2785 2864 muros.

1132 2914 1353 2978 Hostis
1389 2918 1599 2996 adest,
1638 2922 1767 2982 eia.
1810 2924 2071 3012 Ingenti
2111 2923 2380 2988 clamore
2421 2945 2530 3010 per
2569 2943 2780 2986 omnes

1130 3033 1427 3099 Condunt
1465 3059 1527 3100 se
1570 3041 1804 3102 Teucri
1847 3059 2100 3127 portas,
2142 3063 2206 3107 et
2251 3047 2495 3108 moenia
2533 3042 2882 3129 complent.

1126 3155 1414 3242 Namque
1454 3158 1549 3218 ita
1588 3157 1916 3224 discedens
1957 3182 2368 3250 praeceperat
2409 3157 2684 3250 optimus
2727 3163 2911 3224 armis

1126 3273 1401 3336 Aeneas:
1444 3276 1499 3337 si
1536 3299 1667 3362 qua
1716 3284 1958 3344 interea
2002 3280 2262 3347 fortuna
2301 3279 2570 3359 fuisset,

1128 3392 1271 3454 Neu
1310 3411 1553 3457 struere
1596 3396 1903 3465 auderent
1945 3406 2181 3480 aciem,
2223 3425 2343 3466 neu
2385 3403 2641 3467 credere
2681 3419 2932 3487 campo:

1129 3513 1353 3574 Castra
1398 3513 1577 3578 modo
1620 3535 1682 3580 et
1726 3538 1900 3582 tutos
1939 3543 2267 3588 servarent
2304 3547 2537 3616 aggere
2585 3545 2823 3588 muros.

1130 3633 1342 3720 Erg0,
1378 3637 1501 3700 etsi
1539 3635 1828 3705 conferre
1878 3667 2121 3708 manum
2165 3644 2375 3730 pudor
2416 3647 2639 3732 iraque
2683 3659 3008 3716 monstrat,

1130 3750 1469 3817 Obiiciunt
1502 3775 1718 3842 portas
1759 3777 2000 3840 tamen,
2043 3785 2106 3828 et
2147 3788 2487 3856 praecepta
2529 3768 2880 3851 facessunt,

1128 3874 1501 3963 Armatique
1544 3882 1720 3942 cavis
1755 3901 2130 3967 exspectant
2172 3888 2458 3953 turribus
2501 3887 2782 3955 hostem.

1130 3992 1413 4075 Turnus,
1454 4012 1528 4060 ut
1565 4015 1717 4062 ante
1744 4001 1964 4066 volans
2009 4003 2257 4070 tardum
2298 4031 2729 4095 praecesserat
2761 4035 3014 4104 agmen,
