3400 5175
1012 648 1471 708 summos
1536 648 1713 701 mn.
1775 646 1903 701 χι.
2021 622 2184 725 327
2339 644 2490 724 17¹

624 794 747 853 Seu
791 786 1005 874 plures
1040 783 1360 871 complere
1401 748 1661 845 valent:
1706 783 1872 843 iacet
1908 780 2110 843 omnis
2149 774 2232 841 ad
2271 776 2507 843 undam

622 908 961 971 Materies:
1000 906 1125 989 ipsi
1168 922 1624 985 numerumque
1666 898 2048 987 modumque
2087 899 2328 963 carinis

618 1027 1063 1111 Praecipiant;
1109 1044 1221 1087 nos
1261 1042 1445 1096 aera,
1490 1040 1738 1093 manus,
1775 1016 2035 1080 navalia
2075 1015 2322 1079 demus.
2414 1071 2420 1078 .

618 1147 985 1219 Praeterea,
1029 1144 1139 1229 qui
1185 1139 1364 1204 dicta
1403 1134 1644 1212 ferant,
1686 1154 1749 1199 et
1792 1132 2048 1201 foedera
2085 1132 2362 1211 firment,

621 1266 890 1326 Centum
933 1280 1218 1324 oratores
1252 1261 1459 1347 prima
1498 1256 1578 1321 de
1622 1270 1814 1344 gente
1861 1255 2120 1317 Latinos

614 1385 717 1445 Ire
753 1381 1010 1467 placet,
1052 1382 1357 1467 pacisque
1393 1398 1584 1443 mauu
1628 1373 2042 1461 praetendere
2079 1392 2314 1449 ramos;

618 1503 890 1565 Munera
916 1514 1260 1587 portantes
1300 1498 1577 1582 aurique
1615 1490 1990 1579 eborisque,
2031 1490 2308 1569 talenta,

620 1620 700 1680 Et
740 1618 963 1682 sellam
1001 1620 1184 1708 regni
1225 1615 1640 1703 trabeamque
1680 1614 1964 1701 insignia
1999 1614 2240 1674 nostri.

624 1736 956 1799 Consulite
990 1739 1059 1799 in
1096 1734 1403 1811 medium,
1444 1752 1510 1796 et
1550 1732 1739 1797 rebus
1781 1734 2140 1797 succurrite
2178 1727 2393 1795 fessis.

711 1858 871 1919 Tum
916 1858 1195 1919 Drances
1234 1853 1400 1918 idem
1444 1851 1765 1931 infensus,
1821 1875 2010 1943 quem
2051 1852 2264 1945 gloria
2285 1857 2508 1918 Turni

610 1972 891 2061 obliqua
930 1972 1177 2039 invidia
1214 1972 1624 2061 stimulisque
1668 1972 1960 2063 agitabat
1995 1974 2258 2050 amaris,
2549 1956 2584 2021 ‘-

613 2098 859 2185 Largus
895 2115 1119 2181 opum,
1162 2108 1229 2156 et
1270 2092 1495 2183 lingua
1534 2093 1791 2168 melior,
1831 2091 1940 2157 sod
1985 2087 2228 2183 frigida
2263 2088 2436 2155 bello

614 2214 929 2289 Dextera,
969 2210 1259 2277 consiliis
1299 2209 1561 2276 habitus
1598 2230 1724 2273 non
1769 2208 1984 2273 futilis
2024 2229 2286 2288 auctor,

612 2331 936 2395 seditione
975 2348 1244 2418 potens;
1292 2351 1492 2421 genus
1538 2314 1689 2395 huic
1730 2348 2012 2393 materna
2051 2328 2394 2417 superbum

614 2450 933 2515 Nobilitas
976 2450 1204 2527 dabat,
1246 2456 1563 2513 incertum
1602 2448 1682 2513 de
1725 2466 1908 2541 patre
1947 2445 2286 2527 ferebaut3

614 2573 875 2661 Surgit,
916 2589 979 2634 et
1022 2568 1123 2636 his
1160 2588 1387 2634 onerat
1426 2567 1621 2632 dictis
1644 2615 1663 2644 ,
1697 2585 1896 2654 atque
1940 2584 2206 2659 aggerat
2247 2569 2402 2632 iras:

708 2691 859 2752 Rem
900 2690 1065 2755 nulli
1108 2689 1479 2766 obscuram,
1518 2699 1774 2753 nostrae
1815 2707 1932 2752 nec
1970 2689 2151 2752 vocis
2175 2704 2502 2778 egentem,

610 2809 937 2886 Consulis,
979 2830 1017 2872 o
1059 2808 1223 2874 bone
1259 2832 1374 2873 rex
1404 2851 1422 2870 .
1468 2810 1708 2874 Cuncti
1747 2829 1814 2871 se
1853 2809 2023 2872 scire
2064 2803 2389 2885 fatentur,

610 2927 780 3010 Quid
819 2924 1083 2993 fortuna
1116 2925 1279 2994 ferat
1320 2932 1581 3017 populi3
1624 2931 1736 2996 sed
1779 2931 1996 2996 dicere
2031 2947 2350 2994 mussant.

610 3049 736 3110 Det
777 3045 1143 3112 libertatem
1182 3045 1398 3128 fandi,
1435 3050 1754 3143 flatusque
1786 3052 2109 3129 remittat,

608 3165 809 3228 Cuius
848 3165 932 3230 ob
972 3169 1329 3253 auspicium
1370 3167 1718 3234 infaustum
1762 3191 2090 3259 moresque
2127 3170 2416 3236 sinistros

559 3274 833 3371 (Dicam
872 3285 1208 3373 equidem,
1246 3286 1402 3350 licet
1444 3310 1618 3354 arma
1658 3288 1819 3354 mihi
1855 3307 2248 3380 mortemque
2285 3293 2597 3382 minetur)

614 3406 879 3468 Lumina
918 3422 1017 3469 tot
1060 3403 1365 3470 cecidisse
1402 3406 1665 3486 dueum,
1704 3427 2030 3502 totamque
2069 3412 2358 3478 videmus

610 3521 977 3610 consedisse
1016 3523 1238 3588 urbem
1277 3525 1495 3606 luctu:
1541 3529 1687 3594 dum
1732 3534 1934 3596 Troia
1971 3549 2174 3596 tentat

609 3645 829 3706 Castra
872 3640 1068 3735 fugae
1108 3641 1341 3724 fidens,
1382 3649 1734 3728 etcaelum
1782 3653 2040 3714 territat
2073 3655 2296 3716 armis.

608 3763 816 3824 Vnum
856 3765 1053 3827 etiam
1088 3761 1272 3832 donis
1312 3769 1483 3845 istis,
1524 3789 1689 3856 quae
1730 3769 2010 3855 plurima
2049 3772 2222 3833 mitti

612 3877 999 3944 Dardanidis
1038 3879 1301 3970 dicique
1341 3883 1560 3965 iubes,
1596 3911 1828 3966 unum,
1866 3888 2108 3973 optime
2145 3907 2402 3978 regum,

611 3997 935 4077 Adiicias3
978 4022 1094 4066 nec
1138 4021 1202 4068 te
1240 4002 1440 4068 ullius
1479 4005 1796 4072 violentia
1833 4009 2090 4083 vincat,
