3400 5175
769 634 1238 694 Anunrnos
1301 632 1477 687 mn.
1541 632 1751 688 v111.
1904 610 2049 713 ¹59
2175 611 2277 713 73

386 777 694 841 Protinus
737 769 1054 835 Arcadiae
1091 766 1340 859 gelidos
1377 768 1657 829 invisere
1701 764 1885 830 fines.

387 900 549 959 Tum
593 890 758 957 mihi
795 894 1000 980 prima
1040 910 1234 978 genas
1274 884 1556 950 vestibat
1601 884 1753 949 flore
1794 890 2089 965 iuventa3

393 1012 804 1099 Mirabarque
847 1009 1042 1073 duces
1085 1011 1393 1081 Teucros,
1439 1004 1705 1070 mirabar
1742 1026 1805 1068 et
1846 1009 2051 1093 ipsum

391 1127 994 1196 Laomedontiaden:
1043 1126 1152 1190 sed
1193 1128 1444 1191 cunctis
1488 1125 1684 1189 altior
1725 1124 1861 1189 ibat

395 1249 734 1315 Anchises,
773 1243 952 1311 Mihi
977 1268 1146 1308 mens
1185 1244 1474 1307 iuvenali
1516 1243 1777 1308 ardebat
1821 1266 2027 1307 amore

398 1368 798 1455 Compellare
835 1369 1078 1440 virum,
1119 1382 1180 1427 et
1222 1362 1488 1427 dextrae
1528 1367 1915 1453 coniungere
1954 1363 2279 1427 dextram.

401 1488 688 1561 Accessi,
733 1502 798 1547 et
840 1482 1118 1571 cupidus
1159 1482 1394 1548 Phenei
1432 1482 1552 1548 sub
1591 1486 1835 1547 moenia
1874 1482 2070 1547 duxi.

404 1605 519 1668 Ille
561 1602 723 1667 mihi
765 1605 1078 1693 insignem
1121 1602 1524 1690 pharetram,
1565 1606 1925 1693 Lyciasque
1965 1604 2263 1694 sagittae,

403 1722 784 1799 DiscedenS,
825 1719 1363 1813 chlamydemque
1403 1746 1556 1787 auro
1595 1723 1775 1788 dedit
1819 1726 2264 1800 intertextam,

405 1848 736 1931 Frenaque
760 1842 910 1907 bina
931 1891 950 1922 ,
977 1866 1144 1908 meus
1169 1868 1337 1933 quae
1365 1867 1529 1907 nunc
1559 1840 1753 1908 habet
1771 1891 1790 1922 ,
1817 1866 2037 1921 aurea,
2056 1843 2265 1906 Pallas
2283 1889 2300 1906 .

409 1967 570 2054 Ergo
597 1983 662 2026 et
685 2010 702 2039 ,
730 1986 922 2051 quam
955 1967 1208 2051 petitis,
1233 1969 1454 2028 iuncta
1469 1984 1563 2027 est
1580 1962 1739 2027 mihi
1768 1961 2024 2028 foedere
2040 1963 2299 2028 dextra:

406 2086 514 2159 Et,
554 2083 670 2146 lux
714 2106 908 2173 quum
946 2088 1214 2171 primum
1258 2089 1442 2149 terris
1483 2108 1548 2149 se
1587 2086 1869 2149 crastina
1912 2084 2141 2149 reddet
2166 2131 2186 2163 ‚

409 2204 684 2267 Auxilio
727 2204 929 2267 laetos
965 2204 1321 2283 dimittam,
1364 2203 1729 2293 opibusque
1766 2202 2041 2269 iuvabo·

413 2326 670 2387 Interea
709 2346 892 2387 sacra
932 2320 1122 2401 haec,
1165 2325 1424 2412 quando
1462 2324 1592 2389 huc
1635 2328 1903 2389 venistis
1947 2306 2171 2401 amici,

414 2452 672 2521 Annua,
717 2466 884 2532 quae
915 2441 1180 2509 differre
1216 2442 1420 2523 nesae,
1461 2443 1785 2510 celebrate
1830 2441 2115 2507 faventes

415 2562 791 2642 Nobiscum,
831 2582 896 2626 et
941 2565 1062 2626 iam
1107 2587 1272 2630 nunc
1311 2566 1624 2628 sociorum
1661 2562 2027 2628 adsuescite
2053 2564 2311 2625 mensis.

511 2689 688 2748 Haec
723 2682 842 2747 uhi
883 2683 1090 2760 dicta,
1133 2684 1332 2772 dapes
1372 2683 1552 2748 iubet
1591 2702 1657 2746 et
1698 2681 1955 2746 sublata
1994 2682 2217 2766 reponi

419 2803 690 2882 Pocula,
732 2807 1189 2894 gramineoque
1229 2808 1400 2870 viros
1441 2803 1610 2866 locat
1657 2805 1795 2887 ipse
1834 2798 2057 2862 sedili:

427 2926 984 3011 Praecipuumque
1023 2942 1168 2987 toro
1204 2943 1268 2987 et
1311 2923 1528 2988 villosi
1569 2921 1741 3009 pelle
1780 2919 1983 2982 leonis

423 3047 682 3131 Accipit
725 3047 1027 3121 Aenean,
1067 3044 1359 3132 solioque
1397 3046 1634 3108 invitat
1667 3063 1931 3106 acerno.

426 3167 582 3228 Tum
617 3163 780 3226 lecti
823 3166 1084 3230 iuvenes
1124 3167 1418 3228 certatim
1461 3184 1735 3251 araeque
1774 3159 2063 3226 sacerdos

429 3287 686 3348 Viscera
719 3301 890 3346 tosta
917 3280 1134 3352 ferunt
1177 3303 1538 3363 taurorum,
1577 3304 1971 3380 onerantque
2002 3283 2293 3349 canistris

429 3406 608 3467 Dona
648 3401 978 3468 laboratae
1020 3411 1284 3484 cereriS,
1329 3403 1772 3494 bacchumque
1812 3406 2207 3468 ministrant.

429 3526 731 3588 Vescitur
779 3527 1059 3603 Aeneas,
1097 3527 1284 3589 simul
1319 3545 1384 3590 et
1426 3529 1694 3589 Troiana
1736 3528 2069 3601 iuventuS,

429 3647 736 3731 Perpetui
777 3664 962 3736 tergo
1003 3645 1220 3724 botrie,
1261 3664 1325 3710 et
1371 3644 1751 3709 lustralibus
1790 3645 1989 3707 extis.

527 3767 868 3850 Postquam
883 3783 1135 3830 exemta
1149 3762 1342 3830 fames
1359 3813 1376 3844 ,
1390 3783 1450 3829 et
1475 3787 1645 3830 amor
1659 3782 2050 3848 compressus
2068 3755 2331 3836 edendi,

439 3883 574 3945 Rex
617 3883 954 3948 Euandrus
993 3887 1116 3949 ait:
1159 3889 1300 3950 Non
1339 3884 1493 3949 haec
1533 3883 1861 3948 sollemnia
1902 3877 2114 3956 nobis,

437 4002 564 4064 Eas
604 4025 684 4066 ex
729 4025 902 4067 more
943 4003 1374 4092 dapes,‘*hauc
1415 4007 1584 4070 tanti
1623 4001 1897 4067 numinis
1935 4019 2105 4062 aram
