3400 5175
1042 646 1146 725 90
1625 638 1696 689 P.
1791 631 2337 687 vrnarnrr
2574 605 2731 683 635

1138 774 1269 835 Nec
1291 767 1514 856 procul
1549 765 1698 829 hinc
1726 766 2024 841 Romam,
2064 784 2128 829 et
2154 781 2367 851 raptas
2401 765 2533 827 sine
2572 786 2741 827 more
2767 763 3030 827 Sabinas

1137 894 1440 953 Consessu
1484 910 1753 961 caveae,
1794 887 2037 973 magnis
2076 884 2481 947 Circensibus
2522 888 2717 959 actis,

1143 1008 1535 1083 Addiderat,
1577 1005 1921 1090 subitoque
1960 1027 2191 1066 novum
2234 1025 2617 1092 consurgere
2655 1000 2890 1065 bellum

1137 1126 1534 1201 Romulidis,
1579 1128 1906 1209 Tatioque
1946 1126 2114 1199 seni,
2153 1120 2561 1209 Curibusque
2600 1123 2863 1183 severis.

1139 1251 1284 1309 Post
1325 1244 1528 1322 idem,
1571 1246 1742 1305 inter
1782 1264 1845 1303 se
1888 1244 2101 1327 posito
2140 1245 2511 1317 certamine,
2556 1262 2734 1329 reges

1139 1368 1380 1429 Armati
1421 1368 1592 1427 Iovis
1632 1380 1779 1425 ante
1821 1383 2021 1438 aram,
2061 1380 2447 1448 paterasque
2481 1378 2791 1435 tenentes,

1140 1482 1442 1561 Stabant,
1483 1504 1546 1547 et
1585 1505 1765 1547 caesa
1810 1477 2163 1569 iungebant
2207 1478 2465 1544 foedera
2505 1501 2755 1575 porcat·

1139 1602 1578 1689 Romuleoque
1621 1622 1837 1665 recens
1880 1596 2176 1663 horrebat
2221 1604 2397 1689 regia
2438 1578 2707 1663 culmo.⁸

1137 1722 1324 1785 Haud
1356 1720 1578 1806 procul
1607 1720 1785 1795 inde,
1807 1722 1977 1782 citae
1994 1720 2273 1781 Metium
2298 1721 2362 1779 in
2390 1716 2644 1781 diversa
2674 1714 3033 1805 quadrigae.

1139 1838 1572 1913 Distulerant,
1618 1840 1730 1925 (at
1776 1854 1847 1899 tu
1889 1836 2113 1913 dictiS,
2157 1836 2435 1914 Albane,
2478 1830 2833 1926 maneresl)

1089 2026 1096 2034 ,
1138 1956 1588 2043 Raptabatque
1629 1959 1752 2020 viri
1796 1955 2118 2020 mendacis
2150 1958 2395 2019 viscera
2433 1955 2661 2019 Tullus

1139 2080 1253 2139 Per
1294 2076 1549 2152 silvam,
1587 2093 1650 2138 et
1691 2078 1888 2161 sparsi
1934 2073 2235 2138 rorabant
2280 2078 2589 2165 sanguine
2631 2096 2879 2161 vepres.

1137 2199 1268 2261 Nec
1309 2217 1434 2259 non
1473 2198 1889 2282 Tarquinium
1937 2200 2213 2258 eiectum
2258 2198 2529 2257 Porsena
2565 2193 2829 2259 iubebat

1145 2318 1485 2401 Accipere,
1528 2317 1904 2403 ingentique
1946 2312 2165 2379 urbem
2208 2314 2539 2379 obsidione
2580 2314 2935 2400 premebat:

1143 2433 1483 2497 Aeneadae
1523 2437 1590 2496 in
1635 2430 1869 2496 ferrum
1914 2454 2026 2519 pro
2069 2432 2371 2497 libertate
2410 2434 2709 2499 ruebant.

1144 2554 1328 2620 illum
1370 2554 1735 2645 indignanti
1774 2554 2076 2630 similem,
2116 2552 2521 2641 similemque
2564 2556 2829 2618 minanti

1133 2675 1551 2761 Adspiceres;
1598 2690 1849 2760 pontem
1890 2673 2155 2738 auderet
2195 2676 2354 2760 quia
2395 2674 2629 2738 vellere
2671 2676 2927 2752 Cocles,

1135 2799 1219 2858 Et
1257 2793 1522 2858 fluvium
1566 2793 1800 2857 vinclis
1842 2795 2091 2870 innaret
2128 2791 2379 2855 Cloelia
2420 2793 2662 2876 ruptis.
2718 2859 2739 2871 ,

1135 2916 1211 2976 In
1251 2934 1492 2976 summo
1531 2931 1747 2976 custos
1787 2914 2099 2998 Tarpeiae
2144 2909 2422 2974 Manlius
2462 2913 2625 2975 arcis

1136 3029 1366 3096 Stabat
1407 3053 1520 3116 pro
1563 3030 1833 3118 templo,
1871 3049 1935 3094 et
1978 3030 2301 3117 Capitolia
2339 3029 2508 3094 celsa
2550 3027 2839 3094 tenebat.

1137 3153 1354 3235 Atque
1395 3145 1504 3210 hic
1549 3151 1794 3212 auratis
1834 3149 2109 3214 volitans
2151 3167 2493 3241 argenteus
2534 3171 2711 3213 anser

1136 3264 1504 3329 Porticibus
1546 3266 1764 3331 Gallos
1806 3271 1873 3331 in
1910 3269 2131 3332 limine
2171 3267 2385 3334 adesse
2424 3266 2721 3332 canebat:

1141 3386 1312 3448 Galli
1353 3409 1466 3473 per
1509 3387 1730 3450 dumos
1768 3389 2067 3466 aderant,
2106 3411 2442 3477 arcemque,
2485 3386 2818 3464 tenebant,

1132 3502 1391 3570 Defensi
1434 3505 1714 3571 tenebris
1751 3529 1815 3571 et
1857 3508 2021 3573 dono
2062 3512 2267 3574 noctis
2310 3529 2576 3594 opacae.

1134 3630 1345 3690 Aurea
1381 3631 1687 3692 caesaries
1730 3630 1911 3708 ollis,
1947 3649 2141 3718 atque
2180 3651 2371 3694 aurea
2410 3631 2645 3704 vestis;

1135 3750 1423 3837 Virgatis
1463 3747 1676 3813 lucent
1710 3752 1985 3840 sagulis3
2030 3767 2161 3814 tum
2208 3751 2417 3814 lactea
2458 3747 2627 3812 colla

1128 3870 1303 3930 Auro
1333 3870 1787 3948 innectuntur;
1828 3869 1954 3934 duo
1992 3873 2271 3958 quisque
2312 3870 2551 3955 Alpina
2590 3883 2931 3931 coruscant

1142 3989 1332 4056 Gessa
1375 4010 1597 4068 manu,
1637 3993 1837 4054 scutis
1880 3993 2151 4078 protecti
2192 4011 2457 4076 corpora
2500 3987 2739 4075 longis.
