3400 5175
834 645 1297 702 asitmnos
1360 636 1534 701 ιω.
1600 646 1687 701 x.
1846 626 2004 702 215
2179 624 2327 703 133

530 776 797 864 Iamque
838 776 979 841 dies
1020 778 1199 843 caelo
1240 802 1670 859 concesserat;
1715 782 2006 871 almaque
2048 805 2241 846 curru

436 892 799 985 Noctivago
842 891 1097 959 Phoebe
1140 897 1411 961 medium
1462 900 1759 985 pulsabat
1801 902 2174 989 Olympum:

441 1019 676 1079 Aeneas
716 1008 975 1101 (neque
1012 1016 1177 1079 euim
1217 1018 1506 1081 membris
1544 1020 1649 1083 dat
1694 1042 1846 1084 cura
1883 1018 2218 1111 quietem)

440 1138 575 1223 Ipse
612 1133 837 1197 sedens
876 1134 1265 1223 clavumque
1310 1140 1472 1227 regit
1518 1139 1810 1227 velisque
1851 1144 2199 1202 ministrat.

442 1258 651 1341 Atque
696 1252 795 1315 illi
840 1248 1050 1317 medio
1096 1255 1161 1315 in
1202 1272 1412 1341 spatio
1452 1253 1683 1319 chorus
1727 1278 1873 1319 ecce
1911 1280 2160 1320 suarum

443 1376 734 1436 Occurrit
775 1376 1113 1436 comitum:
1162 1372 1520 1464 nymphae,
1560 1398 1724 1461 quas
1763 1376 1924 1437 alma
1965 1373 2228 1462 Cybebe

446 1494 689 1555 Numen
733 1490 967 1555 habere
1006 1496 1222 1570 maris,
1267 1490 1714 1582 nymphasque
1763 1515 1795 1554 e
1835 1491 2110 1556 navibus
2142 1516 2274 1555 esse

448 1612 753 1685 Iusserat,
795 1608 1096 1673 innabant
1138 1614 1415 1697 pariter,
1456 1608 1820 1698 fluctusque
1861 1610 2186 1688 secabant,

448 1732 603 1808 Quot
651 1732 831 1817 prius
874 1746 1125 1793 aeratae
1162 1747 1472 1793 steterant
1520 1730 1599 1793 ad
1640 1731 1838 1794 litora
1876 1753 2133 1817 prorae.

451 1846 860 1937 Adgnoscunt
905 1848 1091 1939 louge
1130 1871 1341 1939 regem
1367 1894 1385 1921 ,
1427 1848 1833 1938 lustrantque
1872 1848 2152 1914 choreis.

452 1970 760 2047 Quarum,
799 1990 964 2055 quae
1006 1964 1182 2031 fandi
1222 1966 1622 2047 doctissima,
1665 1968 2070 2058 Cymodocea

450 2088 604 2149 Pone
646 2108 921 2173 sequens
960 2084 1189 2149 dextra
1238 2088 1501 2172 puppim
1544 2106 1752 2165 tenet,
1795 2091 2062 2177 ipsaque
2099 2088 2281 2153 dorso

448 2208 730 2282 Eminet3
775 2228 849 2267 ac
892 2204 1072 2268 laeva
1114 2208 1333 2269 tacitis
1370 2204 1766 2297 subremigat
1811 2203 2036 2269 undis.

454 2326 601 2387 Tum
642 2328 735 2387 sie
779 2326 1070 2412 ignarum
1114 2322 1525 2412 adloquitur:
1556 2326 1921 2415 vigilasne,
1951 2326 2130 2391 desim
2162 2352 2342 2405 treus,

2159 2382 2199 2420 t:

459 2436 711 2507 Aenea?
754 2443 1005 2533 vigila,
1032 2459 1094 2506 et
1139 2444 1301 2507 velis
1344 2446 1617 2507 immitte
1659 2445 2002 2507 rudentes.

453 2566 575 2626 Nos
616 2585 831 2628 sumus
870 2562 1092 2628 Idaeae
1130 2587 1307 2628 sacro
1350 2564 1429 2627 de
1466 2567 1707 2626 vertice
1748 2569 1971 2651 pinus,

458 2687 633 2754 Nunc
680 2683 893 2773 pelagi
940 2682 1297 2772 nymphae,
1340 2683 1557 2746 classis
1598 2700 1740 2744 tua.
1781 2679 2064 2748 Perfidus
2103 2699 2172 2744 ut
2211 2704 2322 2746 nos

456 2806 835 2889 Praecipites
878 2801 1043 2866 ferro
1088 2804 1371 2867 Rutulus
1414 2797 1784 2888 flammaque
1825 2799 2186 2886 premebat;

456 2925 755 3012 Rupimus
806 2925 1049 2986 invitae
1090 2941 1195 2986 tua
1240 2921 1545 2998 vincula,
1584 2939 1781 3009 teque
1825 2941 1938 3008 per
1979 2937 2223 3008 aequor

461 3046 860 3122 Quaerimus.
898 3047 1077 3106 Hanc
1116 3045 1427 3105 Genetrix
1472 3037 1695 3104 faciem
1739 3043 2034 3103 miserata
2077 3037 2338 3115 refecit,

462 3167 533 3226 Et
572 3161 751 3227 dedit
793 3185 925 3226 esse
964 3161 1152 3238 deas,
1194 3183 1555 3249 aevumque
1594 3165 1844 3250 agitare
1885 3159 2006 3224 sub
2042 3160 2258 3224 undis.

464 3285 534 3344 At
580 3303 737 3370 puer
781 3283 1086 3344 Ascanius
1128 3301 1307 3343 muro
1350 3276 1659 3369 fossisque
1701 3299 1955 3344 tenetur

463 3401 607 3464 Tela
650 3403 815 3463 inter
862 3399 1067 3462 media
1112 3416 1309 3486 atque
1354 3395 1681 3462 horrentes
1725 3417 1926 3463 marte
1967 3401 2261 3462 Latinos.

460 3521 585 3582 Iam
626 3518 772 3582 loca
820 3521 987 3581 iussa
1030 3537 1246 3580 tenent
1286 3513 1441 3580 forti
1480 3523 1834 3602 permixtus
1875 3521 2144 3581 Etrusco

463 3643 651 3702 Arcas
693 3662 917 3726 eques.
962 3637 1209 3702 Medias
1246 3638 1375 3701 illis
1419 3657 1741 3722 opponere
1783 3654 2054 3712 turmas,

462 3757 554 3820 Ne
594 3762 819 3822 castris
860 3761 1135 3848 iungant
1161 3803 1180 3834 ,
1212 3779 1385 3821 certa
1427 3775 1519 3818 est
1561 3759 1880 3818 sententia
1922 3758 2168 3818 Turno.

464 3881 663 3968 Surge
703 3899 858 3970 age,
900 3895 963 3940 et
1006 3899 1229 3940 aurora
1274 3879 1479 3940 socios
1521 3879 1821 3937 veniente
1861 3875 2079 3935 vocari

462 3998 705 4060 Primus
728 4000 789 4062 in
814 4019 987 4060 arma
1014 3995 1203 4075 iube;
1230 4015 1295 4059 et
1318 3995 1597 4080 elipeum
1624 4015 1812 4081 cape,
1839 3989 2218 4079 quemdedit
2237 3996 2370 4080 ipse

3339 2562 3343 2670 -Α-
3340 2546 3342 2549 v
3335 2480 3345 2535 ..ΛΑ
3342 2450 3345 2471 .-
3333 2254 3345 2432 ssll-A—„n—
3339 1994 3345 2213 ——-**
3343 1976 3345 1979 Α
