3400 5175
1009 560 1116 665 54
1635 584 1709 639 P.
1794 583 2339 640 vrnornrr
2572 570 2737 671 467

1101 720 1272 809 Ergo
1315 718 1439 780 iter
1483 716 1562 779 ad
1604 740 1815 807 regem
1858 717 2107 803 polluta
2148 740 2304 803 pace
2345 722 2641 785 Latinum

1102 834 1346 899 Indicit
1391 838 1609 921 primis
1650 840 1985 914 iuvenum,
2028 856 2089 899 et
2126 838 2305 917 iubet
2350 861 2523 903 arma
2562 845 2809 927 parari,

1105 956 1338 1038 Tutari
1383 955 1680 1034 Italiam,
1723 954 2062 1021 detrudere
2100 955 2331 1021 finibus
2374 957 2646 1023 hostem:

1103 1078 1182 1136 Se
1220 1077 1373 1136 satis
1415 1074 1718 1139 ambobus
1757 1079 2149 1164 Teucrisque
2190 1082 2404 1141 venire
2442 1082 2845 1169 Latinisque.

1106 1196 1283 1257 Hanc
1329 1192 1440 1257 ubi
1482 1193 1660 1257 dicta
1700 1194 1917 1273 dedit,
1955 1195 2267 1285 divosque
2304 1201 2371 1261 in
2410 1219 2561 1263 vota
2597 1198 2892 1278 'vocavit;

1101 1314 1412 1375 Certatim
1453 1335 1582 1375 sese
1623 1314 1854 1377 Rutuli
1896 1313 2317 1381 exhortantur
2358 1321 2427 1382 in
2467 1342 2667 1381 arma.

1101 1436 1290 1498 Hunc
1323 1430 1516 1496 decus
1542 1438 1872 1525 egregium
1898 1432 2139 1501 formae
2174 1454 2381 1501 movet
2413 1456 2609 1526 atque
2651 1440 2995 1519 iuventae3

1103 1552 1290 1613 Hunc
1331 1556 1504 1615 atavi
1549 1574 1767 1645 reges;
1810 1552 1976 1619 hunc
2016 1556 2207 1620 claris
2245 1556 2509 1621 dextera
2548 1554 2768 1621 factis.

1201 1671 1366 1733 Dum
1410 1675 1660 1735 Turnus
1704 1676 1981 1739 Rutulos
2020 1680 2243 1740 animis
2284 1676 2633 1743 audacibus
2670 1678 2932 1765 implet,

1105 1786 1363 1852 Allecto
1407 1793 1471 1853 in
1512 1795 1789 1856 Teucros
1830 1800 2077 1885 Stygiis
2116 1820 2179 1860 se
2221 1802 2507 1862 concitat
2548 1798 2734 1882 alis..

1104 1909 1261 1969 Arte
1300 1930 1498 1987 nova,
1539 1911 1871 1996 speculata
1910 1916 2151 1993 locum,
2193 1940 2322 2007 quo
2358 1918 2548 1981 litore
2586 1916 2861 2005 pulcher

1100 2025 1365 2091 Insidiis
1405 2052 1723 2119 cursuque
1763 2031 1931 2099 feras
1974 2018 2268 2128 agitabat
2308 2038 2522 2115 Iulus,

1104 2147 1230 2210 mc
1271 2148 1541 2213 subitam
1580 2153 1847 2218 canibus
1886 2157 2121 2223 rabiem
2164 2163 2437 2247 Cocytia
2478 2161 2661 2249 virgo

1099 2264 1379 2346 Obiicit,
1418 2288 1484 2334 et
1523 2290 1674 2337 noto
1716 2299 1895 2343 nares
1932 2282 2249 2369 contingit
2286 2278 2515 2358 odore,

1095 2386 1182 2447 Vt
1224 2408 1482 2453 cervum
1519 2392 1815 2459 ardentes
1857 2417 2151 2488 agerent:
2195 2422 2359 2487 quae
2400 2403 2605 2487 prima
2642 2396 2938 2465 laborum

1099 2505 1334 2569 Caussa
1375 2505 1538 2589 fuit,
1584 2511 1884 2604 belloque
1922 2522 2159 2581 animos
2203 2520 2497 2583 accendit
2538 2538 2849 2610 agrestes.

1103 2626 1346 2690 Cervus
1387 2650 1525 2693 erat
1564 2630 1764 2699 forma
1804 2642 2154 2726 praestanti
2196 2659 2260 2703 et
2304 2639 2605 2723 cornibus
2640 2645 2899 2731 ingens,

1098 2745 1462 2831 Tyrrhidae
1503 2758 1684 2839 pueri
1728 2780 1911 2844 quem
1960 2761 2183 2822 matris
2222 2759 2305 2824 ab
2345 2758 2543 2824 ubere
2584 2781 2836 2846 raptum

1097 2865 1480 2948 Nutribant,
1525 2874 1980 2966 Tyrrheusque
2021 2899 2233 2966 pater,
2274 2885 2379 2944 cui
2423 2884 2599 2971 regia
2640 2900 2866 2970 parent

1099 2985 1441 3065 Armenta,
1485 3007 1549 3054 et
1592 2992 1725 3058 late
1760 2998 2052 3062 custodia
2094 2997 2339 3063 credita
2381 3003 2621 3086 campi.

1101 3096 1447 3167 Adsuetum
1494 3109 1781 3194 imperiis
1817 3138 1993 3181 soror
2034 3123 2201 3182 omni
2244 3087 2445 3184 Sil’via
2484 3142 2635 3184 cura

1101 3217 1412 3284 Mollibus
1452 3226 1742 3294 intexens
1778 3235 2042 3300 ornabat
2078 3262 2315 3304 cornua
2356 3244 2571 3317 sertis,

1095 3334 1528 3429 Pectebatque
1569 3341 1803 3430 ferum,
1844 3379 2129 3447 puroque
2164 3365 2231 3424 in
2274 3359 2453 3425 fonte
2495 3361 2788 3427 lavabat.

1097 3453 1253 3534 1110»
1296 3481 1543 3527 manum
1588 3474 1869 3554 patiens,
1908 3501 2277 3570 mensaeque
2316 3484 2620 3548 adsuetus
2658 3481 2891 3560 herili,

1097 3573 1369 3641 Errabat
1411 3583 1624 3665 silvis,
1666 3613 2015 3684 rursusque
2054 3601 2135 3666 ad
2176 3604 2395 3667 limina
2436 3625 2589 3667 nota

1093 3696 1237 3781 Ipse
1277 3697 1524 3768 domum
1566 3730 1705 3774 sera
1740 3723 2039 3802 quamvis
2078 3745 2142 3785 se
2186 3741 2371 3787 nocte
2414 3722 2699 3790 ferebat.

1091 3821 1277 3882 Hunc
1319 3826 1544 3910 procul
1585 3853 1899 3899 errantem
1944 3838 2203 3905 rabidae
2240 3845 2533 3906 venantis
2570 3846 2699 3909 Iuli

1090 3941 1494 4010 Commovere
1531 3970 1751 4016 canes:
1792 3951 1991 4022 fluvio
2033 3982 2229 4048 quum
2268 3957 2433 4025 forte
2468 3964 2745 4029 secundo
