3400 5175
936 656 1391 717 autumnos
1456 666 1627 717 Lm.
1692 669 1777 721 x.
1913 674 2070 749 719
2199 649 2339 728 151

445 784 684 853 Graius
713 788 939 869 h0m03
974 790 1239 857 infectos
1268 796 1559 883 linquens
1588 796 1901 889 profugus
1931 796 2347 891 hymenaeos:

452 908 639 972 Hunc
679 909 795 975 ubi
838 915 1201 977 miscentem
1248 914 1435 1005 longe
1480 918 1685 983 naedia
1729 923 1982 1011 agmina
2024 922 2228 1000 vidit,

450 1030 857 1116 Purpureum
898 1038 1119 1118 pennis
1156 1054 1217 1097 et
1260 1055 1485 1121 pactae
1527 1042 1822 1128 coniugis
1860 1058 2056 1103 ostro:

456 1150 777 1234 Impastus
814 1150 1071 1214 stabula
1112 1152 1245 1215 alta
1282 1154 1381 1216 leo
1421 1178 1537 1219 ceu
1578 1180 1764 1243 saepe
1804 1180 2176 1249 peragrans3

456 1267 699 1331 Suadet
736 1272 901 1331 enim
946 1294 1177 1335 vesana
1218 1270 1447 1351 fames3
1489 1277 1543 1336 si
1585 1272 1750 1338 forte
1791 1272 2076 1365 fugacem

456 1386 811 1474 Conspexit
840 1412 1161 1475 capream,
1193 1410 1299 1455 aut
1328 1410 1688 1482 surgentem
1718 1397 1784 1456 in
1810 1416 2044 1457 cornua
2061 1416 2356 1472 cervum3

458 1506 711 1570 Gaudet
752 1504 937 1571 hians
973 1512 1274 1588 immane,
1310 1534 1646 1598 comasque
1685 1512 1978 1589 adrexit,
2019 1532 2084 1575 et
2123 1512 2349 1577 haeret
2413 1509 2420 1517 ’

454 1626 833 1691 Visceribus
874 1652 1062 1715 super
1097 1631 1499 1695 incumbens:
1542 1634 1701 1697 lavit
1748 1630 2038 1720 improba
2075 1650 2242 1697 teter

476 1748 601 1809 Ora
642 1767 863 1809 cruor:

468 1865 570 1925 Sic
610 1868 743 1927 ruit
787 1867 851 1925 in
896 1863 1117 1927 densos
1160 1864 1377 1928 alacer
1418 1867 2058 1933 Mezentius-hostes.

471 1984 788 2047 Sternitur
825 1980 1051 2048 infelix
1092 1986 1333 2061 Acron,
1374 2004 1435 2047 et
1473 1984 1760 2049 calcibus
1795 2004 1990 2050 atram

472 2103 711 2168 Tundit
756 2102 1011 2167 humum
1050 2108 1413 2191 exspirans,
1444 2101 1852 2192 infractaque
1881 2105 2008 2170 tela
2035 2124 2362 2169 cruentat.

480 2224 683 2311 Atque
724 2224 891 2287 idem
934 2221 1283 2317 fugientem
1328 2221 1499 2287 haud
1538 2241 1634 2287 est
1672 2225 1980 2316 dignatus
2015 2228 2264 2297 Oroden

477 2345 794 2422 Sternere,
836 2366 949 2406 nec
992 2346 1166 2407 iacta
1209 2366 1467 2407 caecum
1509 2343 1661 2408 dare
1702 2344 1969 2432 cuspide
2009 2346 2277 2409 vulnuse

476 2460 715 2525 Obvius
754 2462 1149 2551 adversoque
1189 2465 1503 2538 occurrit,
1544 2484 1804 2549 seseque
1845 2468 1984 2529 viro
2025 2469 2129 2527 vir

471 2581 791 2658 Contulit,
836 2578 1003 2646 haud
1046 2579 1221 2646 furto
1263 2583 1523 2659 melior,
1566 2581 1675 2647 sed
1720 2581 1998 2648 fortibus
2035 2587 2262 2646 armis.

472 2699 625 2764 Tum
664 2721 856 2786 super
896 2700 1215 2766 abiectum
1255 2704 1465 2787 posito
1505 2699 1665 2787 pede
1712 2705 1896 2764 nixus
1936 2719 1998 2763 et
2043 2699 2258 2764 hastaz

472 2819 613 2880 Pars
652 2817 807 2882 belli
852 2819 1023 2884 haud
1069 2821 1437 2898 temnenda,
1477 2823 1637 2898 viri,
1678 2823 1844 2884 iacet
1885 2820 2052 2884 altus
2081 2819 2352 2882 Orodes,

474 2938 875 3002 Conclamant
912 2943 1075 3004 socii
1118 2941 1353 3004 laetum
1400 2963 1647 3028 paeana
1684 2943 1977 3028 sequuti:

474 3057 586 3120 Ille
612 3075 823 3122 autem
851 3063 1211 3146 exspirans:
1245 3062 1385 3124 Non
1416 3083 1540 3137 me,
1568 3063 1964 3148 quicumque
1989 3081 2054 3122 es
2073 3105 2090 3134 ,
2117 3057 2362 3136 inultO,

474 3179 727 3255 Victor,
772 3201 885 3243 nec
924 3181 1181 3268 longum
1223 3179 1579 3244 laetabere:
1625 3196 1689 3243 te
1729 3195 1986 3267 quoque
2027 3173 2163 3243 fata

478 3299 881 3383 Prospectant
922 3303 1130 3385 paria,
1172 3317 1367 3386 atque
1404 3298 1619 3362 eadem
1658 3321 1799 3362 mox
1845 3321 1996 3362 arva
2039 3296 2282 3362 tenebis
2303 3342 2330 3390 ,ἱ

479 3417 567 3480 Ad
612 3439 799 3504 quem
838 3415 1169 3482 subridens
1210 3422 1409 3482 mixta
1450 3422 1808 3481 Mezentius
1850 3421 1978 3481 ira:

475 3533 653 3600 Nunc
670 3557 931 3598 morere:
947 3555 1039 3600 ast
1055 3536 1132 3600 de
1146 3561 1241 3601 me
1261 3536 1477 3601 divum
1498 3556 1675 3623 pater
1698 3556 1894 3624 atque
1913 3535 2232 3600 hominum
2255 3555 2368 3598 rex

476 3651 759 3717 Viderit.
804 3659 937 3720 Hoc
980 3655 1197 3720 dicens
1238 3655 1462 3720 eduxit
1507 3677 1772 3742 corpore
1815 3656 2043 3720 telum.

475 3774 605 3836 Olli
645 3773 805 3837 dura
842 3779 1026 3864 quies
1063 3777 1283 3840 oculos
1322 3797 1387 3840 et
1432 3773 1671 3841 ferreus
1711 3792 1902 3865 urget

476 3894 771 3966 Somnus;
818 3897 883 3956 i.⁴
926 3913 1241 3960 aeternam
1286 3895 1678 3960 clauduntur
1721 3895 1962 3956 lumina
1999 3907 2283 3954 noctem.

476 4011 785 4084 Caedicus
826 4012 1197 4078 Alcathoum
1240 4013 1615 4090 obtruncat,
1658 4019 1950 4078 Sacrator
1993 4011 2376 4102 Hydaspem
