3400 5175
871 636 1335 694 Ati-rnrnos
1400 636 1574 695 mu.
1637 636 1726 689 x.
1901 611 2063 715 327
2195 612 2344 716 137

450 775 536 837 Ni
573 769 843 836 fratrum
884 772 1125 855 stipata
1162 764 1387 831 cohors
1426 762 1591 830 foret
1632 766 1860 845 obvia,
1900 764 2134 833 Phorci

458 891 837 980 Progenie83
882 905 1119 973 septem
1158 906 1452 964 numeru,
1486 906 1870 974 septenaque
1913 888 2040 951 tela

456 1011 855 1071 Coniieiunt:
902 1007 1133 1092 partim
1174 1003 1361 1093 galea
1398 1004 1732 1091 clipeoque
1769 1007 2081 1070 resultant

457 1132 695 1204 Irrita;
738 1124 1003 1189 deflexit
1047 1126 1281 1210 partim
1320 1127 1699 1213 stringentia
1739 1148 1966 1215 corpus

453 1246 633 1309 Alma
676 1250 921 1307 Venus.
961 1242 1187 1307 Fidum
1230 1248 1475 1304 Aeneas
1515 1239 1776 1308 adfatur
1819 1241 2138 1307 Achaten:

448 1368 735 1453 suggere
780 1362 905 1424 tela
946 1360 1136 1439 mihi,
1182 1383 1304 1425 non
1346 1361 1551 1424 ullum
1594 1362 1862 1426 dextera
1901 1358 2139 1425 frustra

452 1458 736 1545 Torserit
763 1484 833 1547 in
858 1481 1163 1557 Rutulos,
1189 1498 1500 1543 steterunt
1526 1484 1780 1567 quaein
1801 1502 2066 1566 corpore
2085 1476 2344 1545 Graium

456 1600 679 1664 Iliacis
716 1602 987 1686 canapis·
1027 1604 1187 1662 Tum
1220 1622 1515 1691 magnam
1553 1602 1824 1685 corripit
1867 1598 2150 1677 hastam,

448 1722 529 1781 Et
572 1721 769 1783 iacit.
814 1718 941 1781 Illa
982 1718 1197 1781 volans
1236 1718 1433 1803 clipei
1474 1716 1940 1781 transverberat
1979 1738 2128 1779 aera
2199 1694 2202 1699 Ι

458 1840 777 1914 Maeonis,
821 1855 886 1899 et
928 1834 1195 1900 thoraca
1236 1836 1425 1900 simul
1460 1859 1599 1899 cum
1640 1856 1900 1923 pectore
1941 1839 2210 1924 rumpit.

448 1960 615 2020 Huic
656 1953 859 2020 frater
899 1955 1071 2021 subit
1111 1957 1427 2033 Alcanor,
1470 1953 1858 2044 fratremque
1897 1972 2182 2022 ruentem

458 2079 789 2139 Sustentat
830 2074 1087 2139 dextra:
1132 2080 1397 2139 traiecto
1442 2079 1622 2140 missa
1662 2076 1904 2141 lacerto

454 2194 754 2259 Protinus
792 2191 981 2258 hasta
1021 2192 1233 2285 fugit,
1274 2216 1611 2285 servatque
1646 2217 1916 2263 cruenta
1958 2218 2269 2279 tenorem;

448 2316 855 2401 Dexteraque
897 2335 975 2378 ex
1017 2312 1277 2377 humero
1316 2320 1525 2383 nervis
1566 2317 1939 2382 moribunda
1978 2318 2320 2406 pependit·

446 2434 603 2495 Tum
646 2434 981 2511 Numitor,
1022 2434 1237 2498 iaculo
1279 2432 1497 2498 fratris
1538 2436 1615 2499 de
1658 2458 1926 2522 corpore
1965 2454 2191 2525 rapto,

447 2556 701 2615 Aenean
742 2554 963 2638 petiit3
1010 2552 1117 2618 sed
1158 2576 1281 2618 non
1320 2574 1383 2619 et
1425 2552 1617 2646 figere
1657 2574 1882 2619 contra

360 2721 367 2728 .
445 2672 555 2734 Est
592 2673 887 2748 licitum,
932 2675 1275 2764 magnique
1315 2671 1523 2738 femur
1559 2673 1938 2758 perstrinxit
1979 2670 2300 2738 Achatae.

445 2791 569 2854 Hic
612 2791 921 2869 Curibus,
962 2791 1159 2857 fidens
1195 2797 1527 2880 primaevo
1569 2813 1866 2878 corpore,
1904 2791 2170 2854 Clausus

448 2908 758 2986 Advenit,
800 2931 865 2972 et
904 2911 1115 3002 rigida
1158 2915 1479 3002 Dryopem
1520 2907 1667 2974 ferit
1709 2911 1948 2973 eminus
1989 2907 2171 2973 hasta

448 3027 578 3090 Sub
613 3049 927 3107 mentum,
966 3033 1254 3120 graviter
1296 3053 1537 3117 pressa,
1583 3032 1954 3118 pariterque
1997 3030 2320 3117 loquentis

447 3149 679 3210 Vocem
721 3151 1123 3238 animamque
1164 3151 1370 3238 rapit,
1414 3153 1683 3214 traiecto
1721 3169 2018 3240 gutture:
2065 3169 2127 3212 at
2169 3149 2290 3213 ille·

450 3268 677 3330 Fronte
716 3263 869 3329 ferit
912 3285 1172 3346 terram,
1214 3287 1275 3331 et
1315 3291 1586 3334 crassum
1632 3272 1830 3334 vomit
1871 3293 1980 3334 ore
2021 3291 2339 3334 cruorem.

450 3388 599 3450 Tres
634 3408 899 3475 quoque
938 3387 1271 3452 Threicios
1312 3393 1547 3452 Boreae
1588 3388 1665 3454 de
1704 3405 1894 3478 gente
1931 3411 2252 3476 suprema,

451 3507 529 3568 Et
565 3524 729 3584 tres,
770 3529 931 3594 quos
972 3506 1115 3572 Idas
1157 3528 1339 3595 pater
1380 3527 1442 3571 et
1488 3510 1701 3595 patria
1743 3511 1984 3572 Ismara
2019 3511 2256 3585 mittit,

452 3627 565 3690 Per
606 3629 821 3693 varios
856 3632 1084 3692 sternit
1125 3647 1337 3701 casus.
1379 3629 1677 3690 Accurrit
1723 3626 2064 3689 Halaesus.

443 3746 914 3834 Auruncaeque
958 3767 1207 3810 manus:
1250 3747 1424 3812 subit
1466 3767 1529 3809 et
1576 3749 1900 3832 Neptunia
1940 3744 2179 3830 proles,

449 3863 723 3954 Insignis
760 3869 1087 3953 Messapus
1126 3871 1349 3956 equis.
1390 3865 1730 3952 Expellere
1767 3861 2040 3926 tendunt

430 3980 631 4046 -Nunc
671 3978 775 4060 hi,
816 4005 985 4048 nnnc
1026 3984 1165 4049 illi:
1208 4003 1494 4049 certatur
1524 3984 1744 4048 limine
1785 3983 2020 4067 inipso
