<?xml version="1.0" encoding="UTF-8"?>
<!DOCTYPE html PUBLIC "-//W3C//DTD XHTML 1.0 Transitional//EN"
    "http://www.w3.org/TR/xhtml1/DTD/xhtml1-transitional.dtd">
<html xmlns="http://www.w3.org/1999/xhtml" xml:lang="en" lang="en">
 <head>
  <title>
</title>
<meta http-equiv="Content-Type" content="text/html;charset=utf-8" />
  <meta name='ocr-system' content='tesseract 3.04.00' />
  <meta name='ocr-capabilities' content='ocr_page ocr_carea ocr_par ocr_line ocrx_word'/>
</head>
<body>
  <div class='ocr_page' id='page_1' title='image "./pvirgiliimaroni04unkngoog/pvirgiliimaroni04unkngoog_0074.png"; bbox 0 0 3400 5175; ppageno 0'>
   <div class='ocr_carea' id='block_1_1' title="bbox 1063 568 2801 665">
    <p class='ocr_par' dir='ltr' id='par_1_1' title="bbox 1063 568 2801 665">
     <span class='ocr_line' id='line_1_1' title="bbox 1063 568 2801 665; baseline -0.002 -22"><span class='ocrx_word' id='word_1_1' title='bbox 1063 568 1166 643; x_wconf 81' lang='lat'>68</span> <span class='ocrx_word' id='word_1_2' title='bbox 1732 582 2402 641; x_wconf 65' lang='lat' dir='ltr'>1².v11tc11„11</span> <span class='ocrx_word' id='word_1_3' title='bbox 2705 590 2801 665; x_wconf 87' lang='lat'>19</span> 
     </span>
    </p>
   </div>
   <div class='ocr_carea' id='block_1_2' title="bbox 1171 714 3099 929">
    <p class='ocr_par' dir='ltr' id='par_1_2' title="bbox 1171 714 3099 929">
     <span class='ocr_line' id='line_1_2' title="bbox 1173 714 2924 807; baseline 0 -23"><span class='ocrx_word' id='word_1_4' title='bbox 1173 724 1428 784; x_wconf 84' lang='lat' dir='ltr'>Cuncta</span> <span class='ocrx_word' id='word_1_5' title='bbox 1471 714 1727 793; x_wconf 71' lang='lat' dir='ltr'>vide-ne,</span> <span class='ocrx_word' id='word_1_6' title='bbox 1774 738 1999 807; x_wconf 86' lang='lat' dir='ltr'>magno</span> <span class='ocrx_word' id='word_1_7' title='bbox 2040 739 2339 781; x_wconf 86' lang='lat' dir='ltr'>curarum</span> <span class='ocrx_word' id='word_1_8' title='bbox 2380 715 2656 783; x_wconf 87' lang='lat' dir='ltr'>fluctuat</span> <span class='ocrx_word' id='word_1_9' title='bbox 2700 740 2924 799; x_wconf 86' lang='lat' dir='ltr'>aestu;</span> 
     </span>
     <span class='ocr_line' id='line_1_3' title="bbox 1171 834 3099 929; baseline -0.001 -24"><span class='ocrx_word' id='word_1_10' title='bbox 1171 847 1390 929; x_wconf 80' lang='lat' dir='ltr'>Atque</span> <span class='ocrx_word' id='word_1_11' title='bbox 1420 844 1698 902; x_wconf 85' lang='lat' dir='ltr'>animum</span> <span class='ocrx_word' id='word_1_12' title='bbox 1728 858 1893 901; x_wconf 88' lang='lat' dir='ltr'>nunc</span> <span class='ocrx_word' id='word_1_13' title='bbox 1930 834 2055 900; x_wconf 88' lang='lat' dir='ltr'>huc</span> <span class='ocrx_word' id='word_1_14' title='bbox 2086 837 2387 914; x_wconf 87' lang='lat' dir='ltr'>celerem,</span> <span class='ocrx_word' id='word_1_15' title='bbox 2422 859 2588 902; x_wconf 85' lang='lat' dir='ltr'>nunc</span> <span class='ocrx_word' id='word_1_16' title='bbox 2618 838 2858 903; x_wconf 78' lang='lat' dir='ltr'>dividit</span> <span class='ocrx_word' id='word_1_17' title='bbox 2888 840 3099 917; x_wconf 86' lang='lat' dir='ltr'>illuc,</span> 
     </span>
    </p>
   </div>
   <div class='ocr_carea' id='block_1_3' title="bbox 1175 960 2966 1167">
    <p class='ocr_par' dir='ltr' id='par_1_3' title="bbox 1175 960 2966 1167">
     <span class='ocr_line' id='line_1_4' title="bbox 1175 960 2966 1047; baseline -0.001 -24"><span class='ocrx_word' id='word_1_18' title='bbox 1175 964 1252 1025; x_wconf 90' lang='lat' dir='ltr'>ln</span> <span class='ocrx_word' id='word_1_19' title='bbox 1291 978 1630 1047; x_wconf 88' lang='lat' dir='ltr'>partesque</span> <span class='ocrx_word' id='word_1_20' title='bbox 1675 961 1847 1045; x_wconf 86' lang='lat' dir='ltr'><strong>rapit</strong></span> <span class='ocrx_word' id='word_1_21' title='bbox 1894 960 2144 1034; x_wconf 82' lang='lat' dir='ltr'>varias,</span> <span class='ocrx_word' id='word_1_22' title='bbox 2191 980 2432 1045; x_wconf 85' lang='lat' dir='ltr'>perque</span> <span class='ocrx_word' id='word_1_23' title='bbox 2472 963 2682 1022; x_wconf 83' lang='lat' dir='ltr'>omnia</span> <span class='ocrx_word' id='word_1_24' title='bbox 2725 981 2966 1024; x_wconf 84' lang='lat' dir='ltr'>versat.</span> 
     </span>
     <span class='ocr_line' id='line_1_5' title="bbox 1179 1074 2909 1167; baseline -0.001 -24"><span class='ocrx_word' id='word_1_25' title='bbox 1179 1082 1362 1143; x_wconf 90' lang='lat' dir='ltr'>Sicut</span> <span class='ocrx_word' id='word_1_26' title='bbox 1407 1100 1609 1167; x_wconf 87' lang='lat' dir='ltr'>aquae</span> <span class='ocrx_word' id='word_1_27' title='bbox 1653 1076 1995 1141; x_wconf 88' lang='lat' dir='ltr'>tremulum</span> <span class='ocrx_word' id='word_1_28' title='bbox 2040 1074 2241 1139; x_wconf 88' lang='lat' dir='ltr'>labris</span> <span class='ocrx_word' id='word_1_29' title='bbox 2281 1075 2393 1139; x_wconf 91' lang='lat' dir='ltr'>ubi</span> <span class='ocrx_word' id='word_1_30' title='bbox 2434 1076 2645 1141; x_wconf 89' lang='lat' dir='ltr'>lumen</span> <span class='ocrx_word' id='word_1_31' title='bbox 2684 1078 2909 1142; x_wconf 86' lang='lat' dir='ltr'>ahenis</span> 
     </span>
    </p>
   </div>
   <div class='ocr_carea' id='block_1_4' title="bbox 1119 1194 3099 4046">
    <p class='ocr_par' dir='ltr' id='par_1_4' title="bbox 1182 1194 2979 1527">
     <span class='ocr_line' id='line_1_6' title="bbox 1182 1194 2979 1286; baseline -0.002 -23"><span class='ocrx_word' id='word_1_32' title='bbox 1182 1200 1326 1271; x_wconf 44' lang='lat' dir='ltr'>Solle</span> <span class='ocrx_word' id='word_1_33' title='bbox 1371 1220 1843 1285; x_wconf 60' lang='lat' dir='ltr'>repercussum„</span> <span class='ocrx_word' id='word_1_34' title='bbox 1886 1215 1997 1260; x_wconf 89' lang='lat' dir='ltr'>aut</span> <span class='ocrx_word' id='word_1_35' title='bbox 2042 1194 2355 1258; x_wconf 84' lang='lat' dir='ltr'>radiantis</span> <span class='ocrx_word' id='word_1_36' title='bbox 2397 1198 2714 1286; x_wconf 82' lang='lat' dir='ltr'>imaginae</span> <span class='ocrx_word' id='word_1_37' title='bbox 2752 1198 2979 1275; x_wconf 84' lang='lat' dir='ltr'>lunae,</span> 
     </span>
     <span class='ocr_line' id='line_1_7' title="bbox 1185 1313 2891 1407; baseline -0.001 -26"><span class='ocrx_word' id='word_1_38' title='bbox 1185 1320 1408 1383; x_wconf 86' lang='lat' dir='ltr'>Omnia</span> <span class='ocrx_word' id='word_1_39' title='bbox 1447 1316 1798 1407; x_wconf 78' lang='lat' dir='ltr'>pervolitat</span> <span class='ocrx_word' id='word_1_40' title='bbox 1844 1314 1974 1378; x_wconf 88' lang='lat' dir='ltr'>late</span> <span class='ocrx_word' id='word_1_41' title='bbox 2018 1313 2199 1392; x_wconf 87' lang='lat' dir='ltr'>loca,</span> <span class='ocrx_word' id='word_1_42' title='bbox 2245 1318 2503 1402; x_wconf 84' lang='lat' dir='ltr'>iamque</span> <span class='ocrx_word' id='word_1_43' title='bbox 2546 1315 2664 1381; x_wconf 81' lang='lat' dir='ltr'>sub</span> <span class='ocrx_word' id='word_1_44' title='bbox 2706 1340 2891 1381; x_wconf 86' lang='lat' dir='ltr'>auras</span> 
     </span>
     <span class='ocr_line' id='line_1_8' title="bbox 1183 1430 2709 1527; baseline -0.002 -27"><span class='ocrx_word' id='word_1_45' title='bbox 1183 1440 1515 1527; x_wconf 80' lang='lat' dir='ltr'>Erigitur,</span> <span class='ocrx_word' id='word_1_46' title='bbox 1555 1438 1907 1523; x_wconf 81' lang='lat' dir='ltr'><strong>summique</strong></span> <span class='ocrx_word' id='word_1_47' title='bbox 1952 1430 2101 1499; x_wconf 89' lang='lat' dir='ltr'>ferit</span> <span class='ocrx_word' id='word_1_48' title='bbox 2146 1433 2477 1520; x_wconf 80' lang='lat' dir='ltr'>laquearia</span> <span class='ocrx_word' id='word_1_49' title='bbox 2518 1438 2709 1498; x_wconf 87' lang='lat' dir='ltr'>tecti.</span> 
     </span>
    </p>

    <p class='ocr_par' dir='ltr' id='par_1_5' title="bbox 1185 1550 3015 1999">
     <span class='ocr_line' id='line_1_9' title="bbox 1185 1550 2859 1641; baseline 0 -22"><span class='ocrx_word' id='word_1_50' title='bbox 1185 1560 1330 1619; x_wconf 77' lang='lat' dir='ltr'>Nox</span> <span class='ocrx_word' id='word_1_51' title='bbox 1373 1573 1544 1621; x_wconf 86' lang='lat' dir='ltr'>erat:</span> <span class='ocrx_word' id='word_1_52' title='bbox 1590 1574 1654 1618; x_wconf 90' lang='lat' dir='ltr'>et</span> <span class='ocrx_word' id='word_1_53' title='bbox 1697 1574 1899 1617; x_wconf 83' lang='lat' dir='ltr'>terras</span> <span class='ocrx_word' id='word_1_54' title='bbox 1942 1552 2247 1617; x_wconf 85' lang='lat' dir='ltr'>animalia</span> <span class='ocrx_word' id='word_1_55' title='bbox 2289 1550 2455 1616; x_wconf 87' lang='lat' dir='ltr'>fessa</span> <span class='ocrx_word' id='word_1_56' title='bbox 2495 1576 2607 1641; x_wconf 88' lang='lat' dir='ltr'>per</span> <span class='ocrx_word' id='word_1_57' title='bbox 2648 1576 2859 1619; x_wconf 85' lang='lat' dir='ltr'>omnes</span> 
     </span>
     <span class='ocr_line' id='line_1_10' title="bbox 1186 1673 3015 1765; baseline 0.001 -26"><span class='ocrx_word' id='word_1_58' title='bbox 1186 1678 1478 1739; x_wconf 82' lang='lat' dir='ltr'>Alituum</span> <span class='ocrx_word' id='word_1_59' title='bbox 1521 1676 1979 1763; x_wconf 84' lang='lat' dir='ltr'>pecudumque</span> <span class='ocrx_word' id='word_1_60' title='bbox 2021 1696 2224 1765; x_wconf 82' lang='lat' dir='ltr'>genus</span> <span class='ocrx_word' id='word_1_61' title='bbox 2262 1694 2449 1759; x_wconf 85' lang='lat' dir='ltr'>sopor</span> <span class='ocrx_word' id='word_1_62' title='bbox 2490 1674 2661 1737; x_wconf 87' lang='lat' dir='ltr'>altus</span> <span class='ocrx_word' id='word_1_63' title='bbox 2702 1673 3015 1741; x_wconf 86' lang='lat' dir='ltr'>babebat:</span> 
     </span>
     <span class='ocr_line' id='line_1_11' title="bbox 1192 1790 2932 1883; baseline 0.002 -26"><span class='ocrx_word' id='word_1_64' title='bbox 1192 1799 1396 1875; x_wconf 81' lang='lat' dir='ltr'>Quum</span> <span class='ocrx_word' id='word_1_65' title='bbox 1440 1812 1620 1881; x_wconf 86' lang='lat' dir='ltr'>pater</span> <span class='ocrx_word' id='word_1_66' title='bbox 1663 1798 1729 1855; x_wconf 89' lang='lat' dir='ltr'>in</span> <span class='ocrx_word' id='word_1_67' title='bbox 1772 1796 1913 1879; x_wconf 86' lang='lat' dir='ltr'>ripa</span> <span class='ocrx_word' id='word_1_68' title='bbox 1956 1792 2289 1883; x_wconf 84' lang='lat' dir='ltr'>gelidique</span> <span class='ocrx_word' id='word_1_69' title='bbox 2332 1790 2450 1857; x_wconf 88' lang='lat' dir='ltr'>sub</span> <span class='ocrx_word' id='word_1_70' title='bbox 2492 1790 2771 1859; x_wconf 84' lang='lat' dir='ltr'>aetheris</span> <span class='ocrx_word' id='word_1_71' title='bbox 2809 1817 2932 1860; x_wconf 83' lang='lat' dir='ltr'>axe</span> 
     </span>
     <span class='ocr_line' id='line_1_12' title="bbox 1194 1910 2567 1999; baseline 0 -24"><span class='ocrx_word' id='word_1_72' title='bbox 1194 1918 1468 1989; x_wconf 80' lang='lat' dir='ltr'>Aeneas,</span> <span class='ocrx_word' id='word_1_73' title='bbox 1506 1915 1678 1975; x_wconf 87' lang='lat' dir='ltr'>tristi</span> <span class='ocrx_word' id='word_1_74' title='bbox 1720 1910 2017 1975; x_wconf 88' lang='lat' dir='ltr'>turbatus</span> <span class='ocrx_word' id='word_1_75' title='bbox 2065 1932 2325 1999; x_wconf 81' lang='lat' dir='ltr'>pectora</span> <span class='ocrx_word' id='word_1_76' title='bbox 2364 1912 2567 1991; x_wconf 89' lang='lat' dir='ltr'>bello,</span> 
     </span>
    </p>

    <p class='ocr_par' dir='ltr' id='par_1_6' title="bbox 1189 2029 3003 2361">
     <span class='ocr_line' id='line_1_13' title="bbox 1189 2029 3003 2121; baseline -0.001 -26"><span class='ocrx_word' id='word_1_77' title='bbox 1189 2029 1583 2110; x_wconf 86' lang='lat' dir='ltr'>Procubuit,</span> <span class='ocrx_word' id='word_1_78' title='bbox 1627 2054 1956 2119; x_wconf 87' lang='lat' dir='ltr'>seramque</span> <span class='ocrx_word' id='word_1_79' title='bbox 2000 2031 2181 2096; x_wconf 84' lang='lat' dir='ltr'>dedit</span> <span class='ocrx_word' id='word_1_80' title='bbox 2222 2056 2329 2120; x_wconf 89' lang='lat' dir='ltr'>per</span> <span class='ocrx_word' id='word_1_81' title='bbox 2374 2032 2645 2097; x_wconf 87' lang='lat' dir='ltr'>membra</span> <span class='ocrx_word' id='word_1_82' title='bbox 2690 2034 3003 2121; x_wconf 84' lang='lat' dir='ltr'>quietem.</span> 
     </span>
     <span class='ocr_line' id='line_1_14' title="bbox 1199 2150 2834 2239; baseline 0 -24"><span class='ocrx_word' id='word_1_83' title='bbox 1199 2156 1367 2216; x_wconf 87' lang='lat' dir='ltr'>Huic</span> <span class='ocrx_word' id='word_1_84' title='bbox 1407 2151 1558 2217; x_wconf 86' lang='lat' dir='ltr'>deus</span> <span class='ocrx_word' id='word_1_85' title='bbox 1603 2156 1737 2239; x_wconf 87' lang='lat' dir='ltr'>ipse</span> <span class='ocrx_word' id='word_1_86' title='bbox 1782 2152 1907 2216; x_wconf 92' lang='lat' dir='ltr'>loci</span> <span class='ocrx_word' id='word_1_87' title='bbox 1951 2150 2147 2216; x_wconf 85' lang='lat' dir='ltr'>ssuvio</span> <span class='ocrx_word' id='word_1_88' title='bbox 2194 2152 2536 2217; x_wconf 88' lang='lat' dir='ltr'>Tiberinus</span> <span class='ocrx_word' id='word_1_89' title='bbox 2578 2172 2834 2215; x_wconf 85' lang='lat' dir='ltr'>amoeno</span> 
     </span>
     <span class='ocr_line' id='line_1_15' title="bbox 1200 2268 2735 2361; baseline -0.002 -23"><span class='ocrx_word' id='word_1_90' title='bbox 1200 2275 1516 2361; x_wconf 87' lang='lat' dir='ltr'>Populeas</span> <span class='ocrx_word' id='word_1_91' title='bbox 1559 2277 1728 2338; x_wconf 89' lang='lat' dir='ltr'>inter</span> <span class='ocrx_word' id='word_1_92' title='bbox 1770 2277 1979 2338; x_wconf 88' lang='lat' dir='ltr'>senior</span> <span class='ocrx_word' id='word_1_93' title='bbox 2022 2296 2085 2336; x_wconf 87' lang='lat' dir='ltr'>se</span> <span class='ocrx_word' id='word_1_94' title='bbox 2128 2271 2425 2335; x_wconf 84' lang='lat' dir='ltr'>attollere</span> <span class='ocrx_word' id='word_1_95' title='bbox 2467 2268 2735 2335; x_wconf 79' lang='lat' dir='ltr'>frondea.</span> 
     </span>
    </p>

    <p class='ocr_par' dir='ltr' id='par_1_7' title="bbox 1199 2390 2849 2712">
     <span class='ocr_line' id='line_1_16' title="bbox 1203 2390 2717 2484; baseline -0.003 -27"><span class='ocrx_word' id='word_1_96' title='bbox 1203 2398 1422 2457; x_wconf 84' lang='lat' dir='ltr'>Visus:</span> <span class='ocrx_word' id='word_1_97' title='bbox 1468 2415 1610 2457; x_wconf 88' lang='lat' dir='ltr'>eum</span> <span class='ocrx_word' id='word_1_98' title='bbox 1657 2397 1867 2458; x_wconf 90' lang='lat' dir='ltr'>tenuis</span> <span class='ocrx_word' id='word_1_99' title='bbox 1905 2392 2139 2484; x_wconf 85' lang='lat' dir='ltr'>glauco</span> <span class='ocrx_word' id='word_1_100' title='bbox 2182 2390 2435 2455; x_wconf 86' lang='lat' dir='ltr'>velabat</span> <span class='ocrx_word' id='word_1_101' title='bbox 2477 2393 2717 2453; x_wconf 87' lang='lat' dir='ltr'>amictu</span> 
     </span>
     <span class='ocr_line' id='line_1_17' title="bbox 1201 2506 2849 2603; baseline -0.003 -28"><span class='ocrx_word' id='word_1_102' title='bbox 1201 2513 1548 2594; x_wconf 82' lang='lat' dir='ltr'>Carbasus,</span> <span class='ocrx_word' id='word_1_103' title='bbox 1589 2532 1652 2578; x_wconf 89' lang='lat' dir='ltr'>et</span> <span class='ocrx_word' id='word_1_104' title='bbox 1693 2517 1900 2580; x_wconf 87' lang='lat' dir='ltr'>crines</span> <span class='ocrx_word' id='word_1_105' title='bbox 1942 2512 2235 2579; x_wconf 85' lang='lat' dir='ltr'>umbrosa</span> <span class='ocrx_word' id='word_1_106' title='bbox 2273 2510 2531 2603; x_wconf 80' lang='lat' dir='ltr'>tegebat</span> <span class='ocrx_word' id='word_1_107' title='bbox 2572 2506 2849 2574; x_wconf 88' lang='lat' dir='ltr'>arundo.</span> 
     </span>
     <span class='ocr_line' id='line_1_18' title="bbox 1199 2631 2801 2712; baseline -0.005 -12"><span class='ocrx_word' id='word_1_108' title='bbox 1199 2639 1362 2702; x_wconf 84' lang='lat' dir='ltr'>Tum</span> <span class='ocrx_word' id='word_1_109' title='bbox 1405 2639 1498 2701; x_wconf 86' lang='lat' dir='ltr'>sic</span> <span class='ocrx_word' id='word_1_110' title='bbox 1539 2631 1783 2712; x_wconf 85' lang='lat' dir='ltr'>adfari,</span> <span class='ocrx_word' id='word_1_111' title='bbox 1822 2652 1885 2698; x_wconf 91' lang='lat' dir='ltr'>et</span> <span class='ocrx_word' id='word_1_112' title='bbox 1927 2657 2114 2698; x_wconf 85' lang='lat' dir='ltr'>curas</span> <span class='ocrx_word' id='word_1_113' title='bbox 2156 2633 2256 2697; x_wconf 89' lang='lat' dir='ltr'>his</span> <span class='ocrx_word' id='word_1_114' title='bbox 2294 2633 2544 2697; x_wconf 82' lang='lat' dir='ltr'>demere</span> <span class='ocrx_word' id='word_1_115' title='bbox 2580 2631 2801 2696; x_wconf 84' lang='lat' dir='ltr'>dictis:</span> 
     </span>
    </p>

    <p class='ocr_par' dir='ltr' id='par_1_8' title="bbox 1193 2747 3099 3420">
     <span class='ocr_line' id='line_1_19' title="bbox 1299 2747 3099 2850; baseline -0.006 -30"><span class='ocrx_word' id='word_1_116' title='bbox 1299 2761 1350 2820; x_wconf 93' lang='grc' dir='ltr'>Ο</span> <span class='ocrx_word' id='word_1_117' title='bbox 1391 2777 1525 2822; x_wconf 84' lang='lat' dir='ltr'>sate</span> <span class='ocrx_word' id='word_1_118' title='bbox 1568 2776 1759 2850; x_wconf 83' lang='lat' dir='ltr'>gente</span> <span class='ocrx_word' id='word_1_119' title='bbox 1798 2753 2022 2832; x_wconf 64' lang='lat' dir='ltr'>desim,</span> <span class='ocrx_word' id='word_1_120' title='bbox 2068 2757 2403 2818; x_wconf 79' lang='lat' dir='ltr'>Troianam</span> <span class='ocrx_word' id='word_1_121' title='bbox 2432 2776 2509 2816; x_wconf 82' lang='lat' dir='ltr'>ex</span> <span class='ocrx_word' id='word_1_122' title='bbox 2560 2750 2851 2817; x_wconf 85' lang='lat' dir='ltr'>hostibus</span> <span class='ocrx_word' id='word_1_123' title='bbox 2878 2747 3099 2812; x_wconf 86' lang='lat' dir='ltr'>urbem</span> 
     </span>
     <span class='ocr_line' id='line_1_20' title="bbox 1193 2874 2939 2964; baseline -0.003 -26"><span class='ocrx_word' id='word_1_124' title='bbox 1193 2878 1320 2957; x_wconf 87' lang='lat' dir='ltr'>Qui</span> <span class='ocrx_word' id='word_1_125' title='bbox 1358 2874 1614 2940; x_wconf 78' lang='lat' dir='ltr'>revehis</span> <span class='ocrx_word' id='word_1_126' title='bbox 1659 2875 1881 2952; x_wconf 86' lang='lat' dir='ltr'>nobis,</span> <span class='ocrx_word' id='word_1_127' title='bbox 1922 2894 2309 2964; x_wconf 83' lang='lat' dir='ltr'>aeternaque</span> <span class='ocrx_word' id='word_1_128' title='bbox 2352 2877 2656 2964; x_wconf 79' lang='lat' dir='ltr'>Pergama</span> <span class='ocrx_word' id='word_1_129' title='bbox 2695 2893 2939 2948; x_wconf 84' lang='lat' dir='ltr'>servas,</span> 
     </span>
     <span class='ocr_line' id='line_1_21' title="bbox 1193 2996 2776 3084; baseline -0.003 -25"><span class='ocrx_word' id='word_1_130' title='bbox 1193 2999 1581 3084; x_wconf 85' lang='lat' dir='ltr'>Exspectate</span> <span class='ocrx_word' id='word_1_131' title='bbox 1621 2997 1759 3060; x_wconf 87' lang='lat' dir='ltr'>solo</span> <span class='ocrx_word' id='word_1_132' title='bbox 1802 3000 2113 3061; x_wconf 85' lang='lat' dir='ltr'>Laurenti</span> <span class='ocrx_word' id='word_1_133' title='bbox 2158 2999 2457 3082; x_wconf 81' lang='lat' dir='ltr'>arvisque</span> <span class='ocrx_word' id='word_1_134' title='bbox 2498 2996 2776 3070; x_wconf 78' lang='lat' dir='ltr'>Latinis3</span> 
     </span>
     <span class='ocr_line' id='line_1_22' title="bbox 1195 3108 3037 3205; baseline -0.003 -28"><span class='ocrx_word' id='word_1_135' title='bbox 1195 3115 1318 3180; x_wconf 72' lang='lat' dir='ltr'>Hic</span> <span class='ocrx_word' id='word_1_136' title='bbox 1363 3115 1484 3180; x_wconf 85' lang='lat' dir='ltr'>tibi</span> <span class='ocrx_word' id='word_1_137' title='bbox 1523 3135 1702 3179; x_wconf 86' lang='lat' dir='ltr'>certa</span> <span class='ocrx_word' id='word_1_138' title='bbox 1744 3115 1995 3194; x_wconf 85' lang='lat' dir='ltr'>domus,</span> <span class='ocrx_word' id='word_1_139' title='bbox 2039 3121 2202 3182; x_wconf 90' lang='lat' dir='ltr'>certi</span> <span class='ocrx_word' id='word_1_140' title='bbox 2244 3108 2373 3204; x_wconf 86' lang='lat' dir='ltr'>(ne</span> <span class='ocrx_word' id='word_1_141' title='bbox 2414 3111 2695 3205; x_wconf 84' lang='lat' dir='ltr'>absiste)</span> <span class='ocrx_word' id='word_1_142' title='bbox 2738 3128 3037 3200; x_wconf 77' lang='lat' dir='ltr'>penates3</span> 
     </span>
     <span class='ocr_line' id='line_1_23' title="bbox 1195 3231 2865 3301; baseline 0 -5"><span class='ocrx_word' id='word_1_143' title='bbox 1195 3233 1338 3296; x_wconf 89' lang='lat' dir='ltr'>Neu</span> <span class='ocrx_word' id='word_1_144' title='bbox 1379 3231 1537 3297; x_wconf 88' lang='lat' dir='ltr'>belli</span> <span class='ocrx_word' id='word_1_145' title='bbox 1581 3250 1819 3298; x_wconf 87' lang='lat' dir='ltr'>terrere</span> <span class='ocrx_word' id='word_1_146' title='bbox 1862 3239 2079 3301; x_wconf 85' lang='lat' dir='ltr'>minis.</span> <span class='ocrx_word' id='word_1_147' title='bbox 2124 3241 2358 3301; x_wconf 89' lang='lat' dir='ltr'>Tumor</span> <span class='ocrx_word' id='word_1_148' title='bbox 2398 3237 2594 3300; x_wconf 86' lang='lat' dir='ltr'>omnis</span> <span class='ocrx_word' id='word_1_149' title='bbox 2634 3253 2697 3298; x_wconf 86' lang='lat' dir='ltr'>et</span> <span class='ocrx_word' id='word_1_150' title='bbox 2737 3237 2865 3297; x_wconf 89' lang='lat' dir='ltr'>irae</span> 
     </span>
     <span class='ocr_line' id='line_1_24' title="bbox 1202 3353 1835 3420; baseline 0.008 -7"><span class='ocrx_word' id='word_1_151' title='bbox 1202 3353 1574 3418; x_wconf 75' lang='lat' dir='ltr'>Concessere</span> <span class='ocrx_word' id='word_1_152' title='bbox 1615 3353 1835 3420; x_wconf 85' lang='lat' dir='ltr'>det&#39;im.</span> 
     </span>
    </p>

    <p class='ocr_par' dir='ltr' id='par_1_9' title="bbox 1199 3473 3051 3567">
     <span class='ocr_line' id='line_1_25' title="bbox 1199 3473 3051 3567; baseline 0.003 -34"><span class='ocrx_word' id='word_1_153' title='bbox 1199 3473 1466 3561; x_wconf 85' lang='lat' dir='ltr'>Iamque</span> <span class='ocrx_word' id='word_1_154' title='bbox 1508 3475 1664 3552; x_wconf 88' lang='lat' dir='ltr'>tibi,</span> <span class='ocrx_word' id='word_1_155' title='bbox 1706 3499 1784 3539; x_wconf 89' lang='lat' dir='ltr'>ne</span> <span class='ocrx_word' id='word_1_156' title='bbox 1824 3497 1985 3542; x_wconf 82' lang='lat' dir='ltr'>vana</span> <span class='ocrx_word' id='word_1_157' title='bbox 2025 3496 2211 3564; x_wconf 88' lang='lat' dir='ltr'>putes</span> <span class='ocrx_word' id='word_1_158' title='bbox 2251 3476 2409 3541; x_wconf 90' lang='lat' dir='ltr'>haec</span> <span class='ocrx_word' id='word_1_159' title='bbox 2452 3474 2686 3567; x_wconf 83' lang='lat' dir='ltr'>fingere</span> <span class='ocrx_word' id='word_1_160' title='bbox 2727 3497 3051 3553; x_wconf 86' lang='lat' dir='ltr'>somnum,</span> 
     </span>
    </p>

    <p class='ocr_par' dir='ltr' id='par_1_10' title="bbox 1190 3593 2687 3687">
     <span class='ocr_line' id='line_1_26' title="bbox 1190 3593 2687 3687; baseline 0.004 -34"><span class='ocrx_word' id='word_1_161' title='bbox 1190 3593 1462 3658; x_wconf 83' lang='lat' dir='ltr'>Litoreis</span> <span class='ocrx_word' id='word_1_162' title='bbox 1503 3599 1730 3687; x_wconf 84' lang='lat' dir='ltr'>ingens</span> <span class='ocrx_word' id='word_1_163' title='bbox 1774 3601 2039 3662; x_wconf 86' lang='lat' dir='ltr'>inventa</span> <span class='ocrx_word' id='word_1_164' title='bbox 2086 3597 2209 3662; x_wconf 88' lang='lat' dir='ltr'>sub</span> <span class='ocrx_word' id='word_1_165' title='bbox 2253 3595 2513 3660; x_wconf 86' lang='lat' dir='ltr'>ilicibus</span> <span class='ocrx_word' id='word_1_166' title='bbox 2552 3619 2687 3674; x_wconf 85' lang='lat' dir='ltr'>sus,</span> 
     </span>
    </p>

    <p class='ocr_par' dir='ltr' id='par_1_11' title="bbox 1189 3714 2629 3804">
     <span class='ocr_line' id='line_1_27' title="bbox 1189 3714 2629 3804; baseline 0.001 -28"><span class='ocrx_word' id='word_1_167' title='bbox 1189 3715 1492 3804; x_wconf 88' lang='lat' dir='ltr'>Triginta</span> <span class='ocrx_word' id='word_1_168' title='bbox 1533 3720 1823 3802; x_wconf 83' lang='lat' dir='ltr'>capitum</span> <span class='ocrx_word' id='word_1_169' title='bbox 1868 3714 2038 3780; x_wconf 85' lang='lat' dir='ltr'>fetus</span> <span class='ocrx_word' id='word_1_170' title='bbox 2076 3719 2307 3792; x_wconf 87' lang='lat' dir='ltr'>enixa,</span> <span class='ocrx_word' id='word_1_171' title='bbox 2352 3714 2629 3794; x_wconf 88' lang='lat' dir='ltr'>iacebit;</span> 
     </span>
    </p>

    <p class='ocr_par' dir='ltr' id='par_1_12' title="bbox 1119 3829 2993 4046">
     <span class='ocr_line' id='line_1_28' title="bbox 1188 3829 2855 3914; baseline 0.002 -22"><span class='ocrx_word' id='word_1_172' title='bbox 1188 3829 1390 3912; x_wconf 82' lang='lat' dir='ltr'>Alba,</span> <span class='ocrx_word' id='word_1_173' title='bbox 1436 3835 1570 3900; x_wconf 91' lang='lat' dir='ltr'>solo</span> <span class='ocrx_word' id='word_1_174' title='bbox 1613 3835 1956 3914; x_wconf 80' lang='lat' dir='ltr'>recubans,</span> <span class='ocrx_word' id='word_1_175' title='bbox 1996 3835 2127 3901; x_wconf 84' lang='lat' dir='ltr'>albi</span> <span class='ocrx_word' id='word_1_176' title='bbox 2170 3840 2409 3901; x_wconf 85' lang='lat' dir='ltr'>circum</span> <span class='ocrx_word' id='word_1_177' title='bbox 2452 3835 2649 3901; x_wconf 86' lang='lat' dir='ltr'>ubera</span> <span class='ocrx_word' id='word_1_178' title='bbox 2692 3835 2855 3898; x_wconf 83' lang='lat' dir='ltr'>nati.</span> 
     </span>
     <span class='ocr_line' id='line_1_29' title="bbox 1119 3941 2993 4046; baseline 0.002 -34"><span class='ocrx_word' id='word_1_179' title='bbox 1119 3941 1289 4042; x_wconf 81' lang='lat' dir='ltr'>[Hic</span> <span class='ocrx_word' id='word_1_180' title='bbox 1333 3953 1512 4019; x_wconf 84' lang='lat' dir='ltr'>locus</span> <span class='ocrx_word' id='word_1_181' title='bbox 1558 3955 1737 4020; x_wconf 85' lang='lat' dir='ltr'>urbis</span> <span class='ocrx_word' id='word_1_182' title='bbox 1773 3959 1896 4020; x_wconf 88' lang='lat' dir='ltr'>erit</span> <span class='ocrx_word' id='word_1_183' title='bbox 1921 4004 1944 4036; x_wconf 90' lang='lat'>,</span> <span class='ocrx_word' id='word_1_184' title='bbox 1984 3960 2241 4046; x_wconf 82' lang='lat' dir='ltr'>requies</span> <span class='ocrx_word' id='word_1_185' title='bbox 2282 3979 2357 4022; x_wconf 87' lang='lat' dir='ltr'>ea</span> <span class='ocrx_word' id='word_1_186' title='bbox 2396 3973 2571 4021; x_wconf 87' lang='lat' dir='ltr'>certa</span> <span class='ocrx_word' id='word_1_187' title='bbox 2608 3943 2993 4044; x_wconf 74' lang='lat' dir='ltr'>laborumz]</span> 
     </span>
    </p>
   </div>
  </div>
 </body>
</html>
