3400 5175
1012 580 1167 666 140
1632 586 1706 640 P.
1785 586 2332 643 vrnornrr
2579 585 2733 669 4¹1

1099 717 1331 781 Tendit
1373 721 1437 781 in
1480 702 1812 797 adversos,
1849 740 2044 807 seque
2087 722 2152 783 in
2193 743 2308 783 sua
2345 719 2602 809 colligit
2637 745 2848 787 arma.

1098 840 1217 900 Hic
1260 854 1494 899 mactat
1534 836 1819 915 Ladona,
1867 834 2296 927 Pheretaque,
2342 839 2936 931 Demodocumque;

1098 958 1465 1045 Strymonio
1506 956 1794 1020 dextram
1839 953 2114 1047 fulgenti
2158 957 2398 1045 deripit
2437 982 2583 1022 ense

1098 1075 1345 1138 Elatam
1388 1079 1452 1138 in
1495 1075 1826 1165 iugulum3
1865 1099 2017 1141 saxo
2065 1074 2211 1141 ferit
2256 1100 2366 1141 ora
2405 1076 2749 1154 Thoantis,

1096 1198 1379 1283 Ossaque
1418 1194 1720 1282 dispersit
1763 1196 2023 1261 cerebro
2063 1199 2378 1285 permixta
2420 1214 2718 1261 crue-nto.

1097 1318 1253 1376 Fata
1292 1336 1523 1378 canens
1576 1314 1758 1377 silvis
1801 1318 2054 1405 genitor
2095 1317 2330 1381 celarat
2375 1316 2752 1395 Halaesum3

1100 1438 1183 1495 Vt
1225 1439 1434 1497 senior
1474 1435 1607 1497 leto
1647 1437 1944 1498 canentia
1987 1435 2226 1498 lumina
2264 1434 2494 1511 solvit,

1103 1554 1388 1615 Iniecere
1432 1574 1675 1615 manum
1717 1557 1982 1631 Parcae,
2025 1554 2302 1641 telisque
2343 1572 2677 1619 sacrarunt

1098 1671 1413 1736 Euandri.
1452 1675 1647 1751 Quem
1690 1676 1784 1735 sic
1825 1673 2030 1737 Pallas
2071 1676 2232 1760 petit
2275 1692 2418 1736 ante
2460 1690 2788 1761 precatus:

1098 1794 1193 1853 Da
1231 1792 1426 1864 nunc,
1469 1788 1716 1879 Thybri
1761 1810 1974 1877 pater,
2019 1788 2216 1869 ferro,
2256 1791 2426 1880 quod
2469 1791 2710 1855 missile
2750 1789 2952 1868 libro,

1098 1911 1435 1973 Fortunam
1480 1928 1675 1997 atque
1713 1913 1882 1973 viam
1925 1910 2072 1975 duri
2111 1932 2224 1998 per
2263 1928 2484 1997 pectus
2521 1910 2820 1973 Halaesi.

1096 2032 1265 2092 Haec
1307 2049 1479 2092 arma
1518 2034 1916 2117 exuviasque
1955 2034 2078 2095 viri
2121 2050 2236 2093 tua
2274 2052 2550 2118 quercus
2595 2028 2895 2094 habebit.

1098 2147 1323 2211 Audiit
1372 2146 1485 2211 illa
1524 2148 1711 2213 deus:
1753 2149 1900 2213 dum
1945 2154 2110 2215 texit
2156 2155 2408 2217 Imaona
2447 2149 2786 2227 Halaesus,

1104 2266 1377 2331 Arcadio
1416 2266 1646 2332 infelix
1694 2270 1824 2332 telo
1865 2270 1968 2333 dat
2013 2287 2240 2357 pectus
2278 2273 2614 2332 inermum.

1099 2393 1181 2451 At
1224 2410 1343 2453 non
1384 2388 1577 2452 caede
1616 2392 1744 2452 viri
1786 2407 1962 2451 tanta
2005 2392 2346 2475 perterrita
2389 2392 2666 2465 Lausus,

1096 2510 1243 2571 Pars
1283 2511 1503 2600 iugens
1544 2506 1738 2585 belli,
1780 2512 1932 2571 sinit
1974 2511 2258 2598 agmina:
2300 2514 2542 2595 primus
2586 2504 2894 2571 Abantem

1090 2631 1464 2716 Oppositum
1510 2633 1858 2706 interimit,
1902 2651 2152 2722 pugnae
2188 2625 2552 2716 nodumque
2595 2647 2992 2713 moramque.

1097 2751 1415 2812 Sternitur
1462 2749 1772 2814 Arcadiae
1815 2749 2056 2835 proles;
2097 2763 2474 2810 sternuntur
2511 2748 2806 2844 Etrusci3

1096 2872 1176 2932 Et
1217 2893 1355 2945 vos,
1396 2892 1435 2932 o
1476 2872 1685 2932 Graiis
1727 2867 2070 2956 imperdita
2109 2887 2408 2954 corpora,
2451 2849 2722 2929 Teucri,

1094 2988 1367 3076 Agmina
1404 3005 1790 3052 concurrunt
1830 2987 2234 3074 ducibusque
2273 3004 2338 3049 et
2375 2983 2624 3050 viribus
2667 2983 2918 3069 aequis.

1100 3110 1388 3170 Extremi
1427 3106 1776 3171 addensent
1817 3112 2016 3173 acies:
2057 3129 2172 3171 nec
2213 3104 2408 3170 turba
2451 3106 2688 3168 moveri

1092 3225 1250 3287 'Pela
1294 3247 1640 3314 manusque
1682 3231 1869 3292 sinit.
1911 3233 2078 3292 Hinc
2119 3226 2330 3290 Pallas
2371 3228 2566 3288 instat
2605 3240 2669 3286 et
2709 3238 2931 3311 urget,

1094 3348 1261 3409 Hinc
1302 3363 1523 3409 contra
1566 3351 1842 3424 Lausus,
1885 3369 1998 3412 nec
2043 3347 2310 3411 multum
2353 3343 2672 3430 discrepat
2713 3359 2918 3416 aetas,

1096 3467 1361 3558 Egregii
1410 3462 1677 3543 formae3
1725 3466 1834 3531 sed
1875 3467 2024 3556 quis
2069 3471 2347 3530 Fortuna
2391 3481 2657 3554 negarat

1092 3589 1167 3649 In
1212 3588 1481 3672 patriam
1524 3587 1806 3651 reditus·
1849 3591 2030 3674 Ipsos
2075 3607 2458 3650 concurrere
2493 3604 2708 3669 passus

1094 3704 1281 3786 Haud
1321 3723 1525 3770 tamen
1568 3710 1736 3768 inter
1777 3729 1842 3770 se
1887 3709 2096 3797 magni
2140 3723 2442 3796 regnator
2485 3701 2778 3790 Olympi:

1090 3830 1242 3888 Mox
1290 3825 1432 3888 illos
1473 3847 1584 3888 sna
1628 3821 1776 3888 fata·
1805 3844 2057 3888 manent
2099 3829 2338 3888 maiore
2376 3821 2493 3886 sub
2533 3819 2756 3883 hoste.

1198 3945 1451 4008 Interea
1490 3967 1666 4008 soror
1711 3943 1870 4008 alma
1916 3963 2124 4010 monet
2167 3963 2536 4009 succurrere
2579 3943 2784 4004 Lauso
