3400 5175
1078 640 1537 697 Anmtmos
1600 639 1775 693 mn.
1839 638 1966 693 11.
2078 608 2236 691 215
2411 612 2560 713 167

684 781 805 845 mc
844 794 1105 854 matres,
1148 778 1539 862 miseraeque
1580 795 1808 850 nurus,
1850 770 1960 835 hic
1997 792 2144 835 cara
2179 790 2468 834 sororum

690 901 954 963 Pectora
988 913 1411 972 maerentum,
1454 892 1772 981 puerique
1813 887 2186 978 parentibus
2221 888 2405 967 orbi,

688 1020 913 1081 Dirum
951 1033 1368 1079 exsecrantur
1405 1009 1683 1087 bellum,
1725 1012 2058 1098 Turnique
2098 1005 2508 1098 hymenaeos,

688 1138 899 1223 Ipsum
942 1136 1164 1211 armis,
1206 1136 1541 1219 ipsumque
1582 1127 1804 1193 iubent
1845 1127 2183 1194 decernere
2223 1124 2426 1205 ferr0;

691 1256 817 1335 Qui
854 1275 1117 1343 regnum
1158 1249 1429 1327 Italiae,
1466 1270 1531 1313 et
1576 1252 1812 1336 primos
1851 1246 1976 1314 sibi
2019 1266 2236 1335 poscat
2275 1246 2570 1313 honores.

702 1376 1011 1462 Ingravat
1045 1366 1206 1436 haec
1244 1390 1473 1431 saevus
1512 1370 1829 1443 Drances,
1867 1366 2201 1458 solumque
2245 1370 2460 1432 vocari

690 1494 1014 1564 Testatur,
1058 1487 1257 1553 solum
1300 1490 1476 1577 posci
1517 1490 1583 1551 in
1625 1488 1970 1551 certamina
2010 1492 2326 1551 Turnum.

692 1606 905 1671 Multa
946 1606 1135 1676 simul
1175 1626 1397 1670 contra
1434 1608 1631 1671 variis
1670 1609 1991 1669 sententia
2023 1606 2220 1671 dictis

694 1726 816 1788 Pro
854 1728 1110 1802 Turne,
1145 1742 1209 1788 et
1254 1746 1545 1815 magnum
1587 1729 1846 1817 reginae
1887 1746 2108 1789 nomen
2143 1724 2511 1791 obumbrat:

694 1842 911 1907 Multa
948 1846 1157 1909 virum
1197 1846 1439 1908 meritis
1474 1863 1792 1909 sustentat
1831 1840 1998 1909 fama
2039 1849 2350 1933 tropaeis.

796 1964 925 2025 Hos
964 1964 1135 2027 inter
1174 1979 1412 2040 motus,
1454 1962 1661 2027 medio
1698 1966 1768 2027 in
1805 1961 2115 2055 flagrante
2153 1966 2475 2045 tumultu,

698 2082 865 2143 Ecce
901 2102 1124 2167 super,
1168 2085 1388 2146 maesti
1424 2102 1651 2173 magna
1690 2082 2011 2149 Diomedis
2053 2082 2136 2149 ab
2173 2083 2333 2149 urbe

700 2201 926 2291 Legati
969 2222 1267 2287 responsa
1303 2197 1559 2279 ferunt3
1603 2196 1768 2264 nihil
1805 2200 2095 2268 omnibus
2135 2222 2348 2268 actum

700 2320 1046 2383 Tantorum
1088 2322 1383 2407 impensis
1408 2339 1706 2407 operum;
1737 2319 1830 2385 nil
1869 2320 2067 2402 dona,
2096 2345 2302 2411 neque
2319 2346 2574 2405 aurum,

698 2438 831 2503 Nec
870 2460 1125 2528 magnas
1165 2439 1443 2505 valuisse
1484 2458 1737 2527 preces;
1778 2440 1907 2505 alia
1949 2462 2122 2507 arma
2159 2446 2406 2507 Latinis

698 2556 1103 2638 Quaerenda,
1145 2576 1251 2622 aut
1293 2580 1511 2647 pacem
1547 2563 1821 2623 Troiano
1861 2557 1942 2625 ub
1976 2581 2127 2650 rege
2164 2532 2537 2648 petendum.

700 2673 930 2742 Deficit
968 2678 1217 2768 ingenti
1249 2679 1435 2743 luctu
1476 2699 1589 2742 rex
1629 2679 1767 2766 ipse
1809 2680 2103 2743 Latinus.

698 2795 987 2860 Fatalem
1027 2793 1281 2860 Aenean
1322 2791 1657 2863 manifesto
1696 2799 1950 2861 numine
1989 2793 2176 2874 ferri,

701 2914 1013 2980 Admonet
1052 2919 1149 2979 ira
1190 2913 1409 2994 desim,
1447 2915 1812 3005 tumulique
1852 2935 1999 2980 ante
2036 2936 2150 2980 ors
2191 2930 2508 2978 recentes.

700 3037 871 3125 Ergo
908 3036 1254 3104 concilium
1291 3056 1620 3128 magnum,
1662 3037 2028 3124 primosque
2067 3055 2322 3098 suorum

701 3157 979 3240 Imperio
1016 3155 1287 3234 accitos,
1328 3153 1461 3218 alta
1500 3151 1666 3219 intra
1705 3155 1930 3219 limina
1967 3156 2181 3247 cogit.

702 3274 833 3338 olli
874 3264 1254 3352 convenere,
1294 3271 1631 3365 fluuntque
1671 3273 1753 3340 ad
1793 3277 1970 3366 regia
2009 3274 2220 3361 plenis

703 3395 907 3458 Tecta
944 3396 1101 3458 viis.
1153 3393 1344 3458 Sedet
1386 3397 1454 3457 in
1494 3391 1722 3458 mediis
1761 3411 1826 3455 et
1871 3393 2182 3454 maximus
2221 3411 2413 3468 aevu,

700 3517 781 3576 Et
822 3517 1063 3601 primus
1102 3515 1403 3602 sceptris,
1442 3511 1616 3578 haud
1652 3512 1824 3576 laeta
1864 3507 2112 3590 fronte,
2155 3513 2450 3577 Latinus.

705 3638 921 3720 Atque
962 3631 1069 3696 hic
1108 3633 1355 3725 legatos
1398 3633 1622 3698 Aetola
1659 3653 1738 3695 ex
1777 3630 1933 3694 urbe
1973 3632 2293 3707 remissos,

698 3753 875 3830 Quae
917 3747 1227 3829 referant,
1267 3748 1395 3815 fari
1433 3752 1641 3830 iubet,
1680 3769 1744 3814 et
1792 3770 2082 3837 responsa
2117 3751 2394 3836 reposcit

702 3867 939 3933 Ordine
980 3889 1215 3936 cuncta
1254 3894 1404 3934 suo.
1456 3876 1617 3936 Tum
1664 3868 1836 3935 facta
1877 3869 2135 3934 silentia
2174 3867 2452 3959 linguis,

700 3991 781 4050 Et
826 3987 1109 4054 Venulus
1151 3989 1331 4056 dicto
1371 4013 1600 4079 parens
1642 3993 1738 4056 ita
1777 3987 1974 4056 farier
2013 3983 2192 4052 infit:
