3400 5175
1013 580 1111 662 14
1616 586 1690 639 P.
1774 585 2304 643 v1n01L11
2518 588 2677 665 299

1099 716 1386 779 Canities
1426 716 1672 780 inculta
1710 720 1914 795 iacet3
1960 733 2128 779 stant
2169 716 2411 780 lumina
2454 714 2742 795 flamma;

1099 833 1408 897 Sordidus
1445 856 1523 898 ex
1567 833 1844 897 humeris
1884 836 2047 899 nodo
2086 837 2401 923 dependet
2442 840 2743 900 amictus.

1100 955 1249 1039 Ipse
1283 972 1482 1017 ratem
1519 975 1710 1019 conto
1749 954 2029 1044 subigit,
2073 957 2363 1043 velisque
2404 957 2754 1032 ministrat,

1101 1076 1186 1135 Et
1226 1069 1594 1161 ferruginea
1633 1073 1970 1137 subvectat
2010 1097 2276 1161 corpora
2316 1074 2577 1164 cymba,

1099 1195 1240 1255 Iam
1277 1195 1514 1255 senior:
1557 1193 1666 1257 sed
1706 1193 1903 1256 cruda
1941 1194 2059 1258 deo
2100 1192 2455 1280 viridisque
2494 1208 2811 1256 senectus.

1105 1315 1251 1375 Huc
1289 1314 1492 1374 omnis
1533 1311 1717 1375 turba
1764 1312 1841 1376 ad
1884 1314 2050 1396 ripas
2091 1307 2293 1373 effusa
2333 1309 2594 1387 ruebat,

1103 1433 1348 1493 Matres
1384 1450 1578 1519 atque
1619 1434 1779 1508 viri,
1821 1427 2256 1517 defunctaque
2297 1450 2561 1514 corpora
2601 1429 2742 1490 vita

1101 1546 1580 1639 Magnanimum
1624 1547 1922 1627 heroum,
1960 1552 2141 1636 pueri
2182 1552 2617 1635 innuptaeque
2658 1544 2941 1632 puellae,

1103 1670 1533 1754 Impositique
1575 1671 1745 1757 rogis
1782 1671 2040 1732 iuvenes
2076 1686 2224 1729 ante
2262 1690 2373 1730 ora
2413 1682 2771 1754 parentum.

1105 1791 1301 1866 Quam
1349 1784 1544 1849 multa
1586 1790 1650 1850 in
1691 1788 1873 1850 silvis
1910 1793 2198 1851 autumni
2236 1784 2475 1875 frigore
2512 1786 2717 1871 primo

1109 1908 1312 1990 Lapsa
1349 1904 1588 1969 cadunt
1633 1903 1831 1984 solia,
1873 1925 1987 1971 aut
2030 1906 2111 1969 ad
2153 1926 2375 1969 terram
2416 1906 2669 1994 gurgite
2706 1900 2787 1965 ab
2824 1899 2956 1962 alto

1107 2027 1308 2104 Quam
1353 2026 1586 2087 multae
1615 2024 2049 2115 glomerantur
2074 2048 2252 2101 aves,
2295 2023 2405 2088 ubi
2446 2021 2723 2112 frigidus
2762 2042 2958 2083 annus

1113 2146 1315 2207 Trans
1353 2164 1614 2229 pontum
1655 2142 1875 2236 fugat,
1919 2165 2115 2233 atque
2150 2148 2279 2207 oris
2320 2145 2611 2208 immittit
2656 2142 2923 2227 apricis-

1107 2261 1382 2325 Stabant
1423 2284 1674 2329 orantes
1716 2268 1907 2353 primi
1949 2266 2381 2327 transmittere
2420 2281 2707 2336 cursum,

1105 2380 1611 2469 'tendebantque
1655 2406 1868 2449 manus
1908 2386 2082 2469 ripae
2127 2383 2450 2445 ulterioris
2486 2400 2723 2442 amore.

1107 2500 1353 2563 Navita
1393 2500 1500 2563 sed
1545 2505 1746 2564 tristis
1788 2524 1951 2567 nunc
1994 2500 2139 2578 hos,
2183 2523 2347 2563 nunc
2390 2499 2623 2584 accipit
2664 2494 2841 2559 illos:

1111 2625 1226 2684 Ast
1265 2621 1423 2684 alios
1463 2622 1651 2712 longe
1690 2621 2014 2686 submotos
2050 2637 2221 2684 arcet
2262 2602 2481 2682 arena.

1107 2745 1351 2802 Aeneas
1391 2743 1654 2803 miratus
1691 2744 1891 2819 enim,
1936 2759 2267 2827 motusque
2306 2736 2621 2812 tumultu,

1109 2863 1272 2936 Dic,
1301 2861 1429 2935 ait,
1465 2881 1501 2921 o
1538 2864 1722 2950 virgo
1749 2907 1765 2936 ,
1808 2861 1967 2947 quid
2002 2859 2143 2921 vult
2162 2877 2503 2920 concursus
2535 2853 2612 2916 ad
2639 2843 2921 2914 amnem?

1109 2979 1359 3057 Quidve
1405 2996 1633 3064 petunt
1673 2973 1965 3041 animae?
2008 2979 2113 3041 vel
2148 2999 2277 3066 quo
2316 2975 2679 3040 discrimine
2719 2973 2890 3055 ripas

1113 3101 1254 3158 Hae
1293 3097 1634 3182 linquunt,
1677 3097 1833 3160 illae
1875 3100 2061 3160 remis
2100 3096 2265 3161 vada
2308 3093 2512 3158 livida
2554 3079 2858 3155 verrunt?

1111 3213 1245 3276 Olli
1285 3215 1376 3276 sic
1417 3212 1700 3278 breviter
1740 3211 1873 3279 fata
1914 3234 2007 3279 est
2047 3217 2361 3308 longaeva
2399 3212 2717 3278 sacerdost

1115 3331 1397 3397 Anchisa
1438 3353 1779 3423 generate,
1824 3333 2007 3400 deum
2046 3337 2402 3401 certissima
2446 3332 2685 3420 proles,

1111 3455 1346 3542 Cocyti
1385 3471 1612 3544 stagna
1655 3457 1789 3518 alta
1828 3455 2038 3532 vides,
2078 3459 2497 3545 Stygiamque
2538 3447 2861 3539 paludem,

1117 3572 1202 3635 Di
1241 3575 1424 3636 cuius
1467 3577 1678 3638 iurare
1716 3580 1942 3638 timent
1983 3595 2046 3640 et
2090 3572 2313 3638 fallere
2354 3594 2619 3636 numen.

1114 3695 1291 3756 Haec
1303 3695 1502 3756 omnis
1517 3739 1534 3769 ‚
1548 3715 1733 3780 quam
1750 3699 1955 3760 cernis
1974 3744 1991 3773 ,
2006 3691 2307 3782 inopsinh
2321 3709 2663 3778 umataque
2682 3684 2868 3752 turba
2880 3701 3001 3759 est;

1116 3813 1400 3873 Portitor
1437 3811 1585 3890 ille,
1627 3811 1905 3893 Charon;
1954 3813 2055 3892 hi,
2098 3835 2257 3900 quos
2298 3809 2479 3874 vehit
2499 3807 2701 3884 unda,
2728 3802 2999 3891 sepulti.

1116 3932 1250 3994 Nec
1289 3933 1456 4020 ripas
1490 3931 1679 3996 datur
1718 3931 2061 3998 horrendas
2096 3953 2161 3998 et
2204 3953 2395 3996 rauca
2432 3928 2673 3994 fluenta
