3400 5175
886 642 1346 701 anuntnos
1411 648 1582 703 mn.
1652 650 1858 707 vm.
1996 633 2146 711 103
2272 665 2372 737 ’ῃ

491 773 1108 865 Amphitryoniadae
1149 800 1372 869 magno
1413 780 1714 872 divisque
1752 783 1997 851 ferebat

489 900 652 959 Ante
689 895 912 960 urbem
957 900 1023 959 in
1069 897 1250 963 luco.
1295 900 1504 963 Pallas
1543 901 1694 965 huic
1735 902 1903 968 filius
1942 930 2103 985 una,

491 1018 624 1077 Vna
663 1036 880 1077 omnes
921 1019 1222 1080 iuvenum
1267 1023 1488 1105 primi,
1531 1045 1905 1112 pauperque
1945 1046 2229 1107 senatus,

493 1138 660 1197 Tura
705 1134 976 1215 dabant;
1023 1138 1412 1228 tepidusque
1451 1164 1636 1205 cruor
1677 1142 1957 1209 fumabat
2003 1147 2079 1211 ad
2119 1171 2287 1212 aras.

490 1255 573 1314 Vt
615 1252 820 1315 celsas
860 1253 1082 1319 videre
1119 1278 1322 1337 rates,
1367 1278 1564 1349 atque
1603 1265 1774 1325 inter
1812 1286 2079 1350 opacum

497 1368 729 1437 adlabi
771 1396 1026 1453 nemus,
1069 1396 1132 1439 et
1171 1383 1394 1442 tacitis
1436 1382 1803 1445 incumbere
1840 1386 2063 1461 remis;

493 1498 848 1560 Terrentur
891 1501 1030 1559 visu
1071 1497 1318 1577 subito,
1359 1504 1716 1589 cunctique
1758 1503 2001 1567 relictis

495 1620 896 1705 Consurgunt
942 1624 1206 1681 mensis.
1250 1620 1472 1685 Audax
1516 1642 1676 1708 quos
1720 1644 2009 1709 rumpere
2052 1624 2265 1687 Pallas

496 1742 694 1801 Sacra
741 1756 962 1813 vetat,
1011 1756 1334 1827 raptoque
1371 1740 1549 1805 volat
1592 1742 1721 1804 telo
1762 1741 1991 1805 obvius
2032 1746 2208 1831 ipse-3

503 1860 582 1921 Et
619 1858 850 1943 procul
892 1880 926 1919 e
965 1859 1246 1923 tumulo:
1293 1864 1592 1940 Iuvenes,
1633 1884 1801 1949 quae
1842 1886 2065 1927 caussa
2100 1861 2357 1951 subegit

495 1980 756 2067 Ignotas
801 1994 1046 2040 tentare
1087 1972 1270 2041 vias?
1314 2002 1443 2067 quo
1487 1975 1801 2045 tenditis?
1847 1986 2101 2071 inquit.

497 2102 618 2179 Qui
653 2091 904 2189 genus?
929 2096 1096 2163 unde
1122 2092 1352 2164 domo?
1372 2123 1670 2188 pacemne
1701 2100 1829 2165 huc
1846 2099 2059 2180 fertis,
2078 2124 2157 2167 an
2182 2098 2395 2167 arma?

497 2222 653 2283 Tum
697 2236 884 2305 pater
927 2223 1170 2283 Aeneas
1215 2224 1422 2308 puppi
1463 2225 1552 2285 sic
1591 2218 1765 2287 fatur
1804 2222 1885 2287 ab
1920 2223 2094 2300 alta,

499 2336 956 2428 Paciferaeque
997 2362 1184 2403 manu
1229 2363 1468 2405 ramum
1513 2342 1880 2429 praetendit
1920 2343 2167 2407 olivae:

497 2464 894 2549 Troiugenas
934 2484 1004 2524 ac
1047 2461 1176 2524 tela
1219 2460 1396 2525 vides
1436 2464 1693 2526 inimica
1738 2466 2018 2543 Latinis3

495 2584 664 2660 Quos
707 2580 812 2644 illi
857 2579 1027 2645 bello
1069 2579 1389 2673 profugos·
1415 2603 1606 2671 egere
1647 2580 1963 2668 superbo.

495 2700 856 2764 Euandrum
903 2703 1205 2786 petimus.
1247 2705 1436 2765 Ferte
1477 2700 1672 2779 haec,
1715 2721 1780 2764 et
1820 2702 2025 2768 dicite
2068 2700 2269 2764 lectos

494 2821 860 2886 Dardaniae
899 2826 1144 2885 venisse
1183 2821 1408 2900 duces,
1451 2807 1624 2884 socia
1665 2843 1837 2883 arma
1880 2835 2215 2909 rogantes.

494 2942 852 3029 Obstupuit
895 2961 1077 3006 tanto
1122 2965 1460 3028 percussus
1503 2943 1754 3007 nomine
1796 2939 2045 3005 Pallast

499 3062 822 3154 Egredere
849 3087 922 3141 0,
964 3066 1356 3150 quicumque
1395 3083 1498 3138 es,
1536 3064 1664 3138 ait,
1695 3083 2041 3150 coramque
2078 3079 2404 3148 parentem

503 3183 901 3272 Adloquere,
941 3203 1012 3246 ac
1055 3184 1288 3245 nostris
1329 3180 1596 3246 succede
1637 3180 1977 3268 penatibus
2016 3179 2279 3266 hospes.

500 3307 906 3392 Excepitque
947 3325 1164 3379 manu,
1204 3301 1625 3388 dextramque
1664 3300 1993 3390 amplexus
2032 3299 2355 3366 inhaesit.

503 3427 827 3515 Progressi
865 3421 1138 3488 subeunt
1183 3421 1364 3500 luco,
1409 3421 1806 3511 fluviumque
1848 3423 2262 3513 relinquunt.

601 3550 766 3608 Tum
809 3567 1018 3635 regem
1064 3547 1306 3606 Aeneas
1347 3543 1544 3607 dictis
1585 3540 1853 3607 adfatur
1882 3545 2137 3613 amicis:

501 3670 754 3753 Optime
791 3645 1226 3756 Graiugenum
1251 3711 1268 3742 ,
1311 3666 1420 3727 cui
1464 3685 1559 3726 me
1605 3667 1885 3726 Fortuna
1926 3665 2213 3748 precari,

503 3787 586 3850 Et
633 3789 807 3851 vitta
846 3804 1086 3850 comtos
1127 3784 1337 3850 voluit
1375 3781 1792 3870 praetendere
1832 3801 2073 3858 ramos3

513 3909 655 3972 Non
679 3905 978 3995 equidem
1008 3907 1288 3970 extimui
1307 3899 1626 3982 ,Danaum
1659 3898 1831 3988 quod
1856 3897 2086 3963 ductor
2102 3915 2165 3963 et
2182 3902 2415 3998 Arcas,

509 4027 828 4118 Quodque
871 4025 950 4092 ab
994 4029 1194 4112 stirpe
1233 4023 1402 4090 fores
1430 4024 1700 4114 geminis
1726 4025 2109 4087 coniunctus
2134 4019 2424 4098 Atridi23
