3400 5175
859 650 1315 706 Amtmnos
1380 650 1557 704 un.
1624 651 1751 705 xt.
1971 646 2079 731 47
2211 630 2348 707 161

466 786 767 853 Mitteret
808 784 873 846 in
910 804 1203 873 magnum
1234 783 1602 867 imperium,
1634 802 2043 871 metuensque
2079 803 2360 849 moneret

468 906 671 969 Actes
710 925 842 965 esse
884 904 1086 977 viroS,
1128 924 1271 964 cum
1311 902 1471 964 dura
1514 901 1758 986 proelia
1799 921 2019 992 gente.

466 1024 553 1083 Et
588 1043 755 1085 nunc
798 1019 912 1097 ille
955 1018 1212 1107 quidem
1254 1042 1366 1105 spe
1412 1018 1681 1082 multum
1726 1038 1948 1106 captus
1984 1021 2158 1085 inani

472 1142 625 1203 Fors
666 1156 728 1201 et
772 1158 921 1203 vota
961 1135 1153 1215 facit,
1196 1136 1606 1225 cumulatque
1646 1137 1880 1201 altaria
1919 1137 2134 1202 donis.

394 1278 403 1285 ·
466 1258 602 1323 'Nos
636 1258 930 1342 ¹iuvenem
971 1259 1369 1333 exanimum,
1406 1273 1472 1317 et
1508 1258 1603 1319 nil
1639 1258 1762 1319 iam
1793 1257 2179 1333 'caelestihus
2214 1256 2369 1321 ullis

474 1374 853 1451 Debentem,
895 1396 1055 1439 vano
1096 1377 1319 1438 maesti
1358 1375 1735 1437 comitamur
1776 1371 2042 1438 honore.

479 1490 751 1568 Infelix,
793 1495 928 1554 nati
970 1488 1162 1555 funus
1201 1491 1469 1555 crudele
1508 1486 1784 1555 videbis!

472 1612 563 1673 Hi
602 1613 801 1672 nostri
846 1608 1123 1686 reditus,
1162 1614 1656 1698 exspectatique
1700 1602 2080 1701 triumphi?-

482 1732 654 1792 Haec
696 1749 834 1791 ntea
876 1750 1097 1817 magna
1139 1722 1333 1791 fides?
1378 1734 1461 1789 At
1500 1748 1659 1804 non,
1698 1726 2029 1805 Euandre,
2067 1727 2376 1815 pudendis

476 1844 865 1910 'Vulneribus
907 1846 1157 1931 pulsum
1200 1844 1547 1931 adspicies:
1592 1868 1704 1910 nec
1745 1850 1981 1934 sospite
2020 1847 2228 1912 dirum

478 1964 748 2052 Optabis
784 1983 935 2028 nato
972 1960 1162 2029 funus
1202 1983 1412 2052 pater.
1454 1968 1579 2028 Hei
1621 1964 1813 2043 mihi,
1858 1983 2170 2052 quantum

479 2084 905 2161 Praesidium,
952 2086 1261 2162 Ausonia,
1301 2100 1365 2147 et
1408 2104 1714 2171 quantum
1759 2102 1830 2148 tu
1872 2085 2118 2172 perdis,
2162 2080 2338 2152 Iule!

576 2208 750 2267 Haec
790 2202 905 2268 ubi
945 2200 1237 2281 deflevit,
1282 2204 1427 2267 tolli
1470 2202 1827 2268 miserabile
1865 2225 2094 2292 corpus

485 2326 799 2409 Imperat,
841 2342 905 2385 et
945 2340 1083 2385 toto
1122 2322 1326 2387 lectos
1367 2346 1445 2387 ex
1488 2326 1740 2413 agmine
1781 2324 1980 2387 mittit
2065 2308 2070 2311 ¹

484 2440 670 2505 Mille
710 2443 913 2518 viros,
954 2444 1066 2529 qui
1107 2464 1464 2529 supremum
1504 2445 1890 2505 comitentur
1929 2438 2263 2519 honorem,

486 2562 921 2650 Intersintque
963 2564 1161 2647 patris
1204 2561 1545 2652 lacrymis3
1586 2561 1813 2636 solatia
1853 2559 2064 2626 luctus

487 2681 739 2768 Exigua
771 2683 1083 2768 ingentis,
1126 2683 1350 2746 misero
1390 2677 1496 2744 sed
1535 2677 1758 2743 debita
1795 2679 2002 2764 patri.·

484 2797 671 2862 Haud
710 2817 931 2886 segnes
969 2797 1083 2862 alii
1122 2817 1328 2862 crates
1368 2817 1433 2862 et
1478 2796 1667 2860 molle
1709 2792 2012 2860 feretrum

488 2914 789 2980 Arbuteis
831 2935 1055 2980 texunt
1098 2920 1299 3008 virgis
1337 2935 1402 2980 et
1443 2917 1681 2980 vimine
1721 2936 1997 3002 querno,

488 3039 991 3123 Exstructosque
1033 3054 1204 3100 toros
1244 3035 1515 3101 obtentu
1558 3030 1803 3099 frondis
1844 3031 2236 3102 inumbrant.

488 3156 611 3218 ch
654 3157 945 3218 iuvenem
987 3157 1225 3244 agresti
1268 3151 1599 3218 sublimem
1640 3155 1944 3216 stramine
1985 3173 2267 3241 ponunt:

490 3273 751 3352 Qualem
788 3273 1081 3362 virgineo
1118 3272 1470 3352 demessum
1506 3273 1742 3360 pollice
1781 3269 1992 3338 florem

488 3395 614 3454 Seu
658 3390 867 3453 mollis
910 3391 1152 3467 violae,
1196 3415 1305 3455 seu
1345 3392 1720 3482 languentis
1756 3391 2145 3483 hyacinthi3

490 3511 609 3574 Cui
641 3530 843 3597 neque
878 3505 1091 3600 fulgor
1120 3509 1331 3575 adhuc
1351 3557 1370 3589 ,
1402 3533 1515 3575 nec
1541 3511 1687 3576 dum
1715 3535 1827 3574 sua
1856 3507 2056 3576 forma
2093 3514 2398 3590 recessit3

492 3629 637 3692 Non
680 3631 799 3692 iam
842 3650 1047 3692 mater
1088 3630 1207 3694 alit
1250 3630 1482 3730 tellus,
1522 3634 1826 3716 viresque·
1861 3633 2219 3694 ministrat.

494 3749 673 3810 Tunc
711 3751 995 3836 geminas
1038 3767 1247 3812 vestes
1292 3771 1581 3838 auroque
1621 3768 1926 3836 ostroque
1969 3751 2252 3838 rigentes

496 3863 752 3927 Extulit
796 3868 1076 3942 Aeneas3
1116 3889 1273 3958 quas
1308 3868 1412 3932 illi
1454 3868 1626 3933 laeta
1668 3865 1960 3932 laborum

495 3987 647 4072 Ipsa
683 3985 817 4050 suis
856 3985 1179 4074 quondam
1228 3987 1523 4054 manibus
1566 3985 1836 4048 Sidonia
1881 3983 2052 4048 Dido

2095 4085 2152 4122 n
