3400 5175
1041 539 1518 673 PVBLII

569 794 1187 901 VIRGILII
1306 796 1975 905 MARONIS

896 1081 1636 1161 AENEIDOS

749 1368 1130 1437 LIBER
1219 1366 1813 1441 OCTAVVS.

940 1602 1606 1645 wrm

391 1822 555 1974 Vt
595 1908 754 1974 belli
796 1909 1048 1999 signum
1091 1907 1394 1971 Laurenti
1437 1910 1694 1973 Turnus
1739 1906 1821 1975 ab
1864 1932 2007 1976 arce

391 2030 676 2105 Extulit,
718 2042 782 2091 et
825 2047 1018 2090 rauco
1057 2042 1468 2114 strepuerunt
1511 2051 1749 2096 cornua
1786 2050 2009 2111 cantu,

391 2156 598 2241 thue
637 2171 820 2213 acres
855 2150 1176 2214 concussit
1215 2169 1450 2235 equos,
1489 2170 1692 2240 utque
1731 2154 1986 2239 impulit
2020 2171 2227 2231 arma3

391 2248 726 2355 Extemplo
769 2266 1014 2332 turbati
1054 2271 1281 2330 animi:
1323 2270 1508 2333 simul
1544 2294 1725 2335 omne
1769 2273 2048 2337 tumultu

396 2393 700 2457 Coniurat
745 2386 1000 2474 trepido
1045 2392 1328 2466 Latium,
1365 2393 1700 2477 saevitque
1744 2394 2044 2456 iuventus

398 2508 640 2574 Effera.
685 2512 996 2571 Ductores
1037 2511 1226 2596 primi
1267 2511 1600 2596 Messapus
1637 2530 1700 2574 et
1746 2508 1970 2588 erns,

398 2633 936 2717 contemptorque
977 2625 1160 2692 deiim
1207 2632 1598 2704 Mezentius,
1645 2627 1933 2717 undique
1972 2643 2215 2718 cogunt

398 2750 698 2827 Auxilia,
734 2769 801 2812 et
845 2747 1004 2813 latos
1039 2766 1293 2812 vastant
1331 2743 1692 2810 cultoribus
1736 2769 1958 2836 agros.

402 2873 698 2935 Mittitur
738 2888 801 2933 et
845 2871 1058 2960 magni
1103 2867 1388 2930 Venulus
1433 2865 1759 2930 Diomedis
1796 2866 1873 2930 ad
1916 2865 2175 2948 urbem,

401 2995 520 3071 Qui
563 3007 750 3076 petat
789 2989 1140 3079 auxilium,
1179 3004 1243 3050 et
1284 2988 1468 3049 Latio
1507 2989 1853 3051 consistere
1894 2989 2207 3066 Teucros,

401 3111 756 3175 Advectum
795 3113 1051 3172 Aenean
1085 3107 1306 3184 classi,
1348 3110 1690 3195 victosque
1732 3111 1995 3171 Penates

403 3225 682 3305 Inferre‚
723 3243 790 3288 et
830 3222 982 3290 fatis
1009 3249 1220 3317 regem
1266 3249 1332 3292 se
1371 3227 1590 3291 dicere
1633 3231 1842 3314 posci,

406 3346 722 3420 Edoceat,
767 3345 1126 3434 multasque
1165 3349 1307 3410 viro
1349 3370 1413 3411 se
1455 3347 1807 3438 adiungere
1846 3363 2068 3438 gentes

404 3464 759 3540 Dardanio,
797 3483 862 3528 et
901 3463 1031 3528 late
1072 3469 1259 3530 Latio
1297 3468 1771 3536 increbrescere
1816 3489 2077 3531 nomen.

405 3584 574 3664 Quid
608 3602 816 3648 struat
860 3583 960 3649 his
1000 3589 1282 3674 coeptis,
1323 3610 1544 3676 quem,
1583 3592 1634 3651 si
1666 3585 1923 3652 fortuna
1966 3601 2306 3673 sequatur,

403 3707 718 3768 Eventum
765 3727 1016 3797 pugnae
1061 3711 1317 3794 cupiat,
1359 3703 1759 3770 manifestius
1801 3709 1964 3791 ipsi,

405 3827 602 3903 Quam
639 3827 859 3888 Turno
907 3829 1089 3918 regi,
1132 3845 1245 3890 aut
1287 3829 1427 3918 regi
1466 3846 1777 3916 apparere
1816 3827 2078 3886 Latino-

500 3940 687 4007 Talia
729 3966 843 4030 per
884 3947 1167 4010 Latium
1213 3969 1380 4036 quae
1419 3943 1919 4011 Laomedontius
1958 3941 2145 4005 heros
