3400 5175
838 567 1302 628 antemos
1363 564 1761 621 LIB.V11.
1881 546 2041 646 607
2214 542 2313 647 59

437 716 592 775 Sunt
640 707 934 797 geminae
979 700 1140 767 Belli
1186 718 1406 788 portae
1448 693 1584 787 (sie
1629 702 1877 765 nomine
1918 696 2189 786 dicunt)

431 828 800 916 Relligione
841 844 1090 895 sacrae,
1129 839 1192 883 et
1233 822 1409 885 saevi
1446 817 1785 886 formidine
1826 826 2088 887 Martis:

433 952 700 1011 Centum
745 946 920 1007 aerei
958 940 1266 1005 claudunt
1309 957 1522 1003 vectes
1559 959 1934 1028 aeternaque
1972 938 2131 1007 ferri

436 1066 729 1142 nobam
775 1085 890 1126 nec
925 1078 1142 1124 custos
1183 1058 1436 1125 absistit
1474 1060 1696 1124 limine
1738 1064 1958 1125 Ianus.

435 1190 602 1263 Bas,
646 1182 764 1249 ubi
805 1202 982 1247 certa
1019 1179 1192 1244 sedet
1243 1178 1536 1243 Patribus
1570 1182 1889 1245 sententia
1932 1203 2221 1270 pugnae,

440 1308 622 1390 Ipse,
658 1299 978 1383 Quirinali
1019 1299 1236 1363 trabea
1271 1304 1622 1387 cinctuque
1663 1298 1917 1364 Gabino

445 1424 764 1512 Insignis,
803 1439 1040 1484 reserat
1083 1420 1426 1485 stridentia
1469 1420 1687 1483 limina
1730 1420 2007 1497 Consu13

439 1547 582 1630 Ipse
621 1560 814 1605 vocat
857 1563 1142 1631 pugnas3
1176 1538 1480 1629 sequitur
1513 1558 1648 1604 tum
1689 1558 1905 1603 cetera
1943 1524 2176 1628 pube‘s,

441 1666 778 1749 Aereaque
821 1660 1086 1723 adsensu
1123 1662 1494 1745 conspirant
1529 1680 1768 1722 cornua
1806 1681 2031 1723 rauco·

445 1785 580 1845 Hoc
623 1799 690 1843 et
727 1799 866 1845 tum
903 1779 1220 1845 Aeneadis
1256 1778 1542 1843 indicere
1569 1777 1739 1842 bella
1780 1782 2043 1843 Latinus

442 1904 626 1965 More
665 1899 1046 1979 iubebatur,
1086 1903 1430 1987 tristesque
1462 1898 1790 1963 recludere
1831 1916 2077 1987 portas.

445 2021 778 2087 Abstinuit
820 2038 1001 2083 tactu
1044 2039 1264 2107 pater,
1305 2041 1689 2108 aversusque
1732 2016 1975 2110 refugit

447 2139 659 2205 Foeda
699 2141 1084 2214 ministeria,
1125 2158 1190 2201 et
1229 2140 1440 2201 caecis
1481 2160 1548 2199 se
1585 2137 1873 2202 condidit
1918 2136 2188 2204 umbris.

449 2260 610 2319 Tum
651 2260 878 2349 regina
915 2254 1096 2321 desim
1134 2256 1316 2320 caelo
1357 2255 1620 2343 delapsa
1653 2277 1977 2351 ‘morantes

451 2374 722 2462 Impulit
763 2380 902 2463 ipsa
943 2398 1130 2440 manu
1170 2395 1417 2464 portas,
1457 2394 1521 2440 et
1563 2376 1828 2441 cardine
1867 2399 2049 2441 verso

453 2495 616 2559 Beni
657 2490 928 2559 ferratos
969 2498 1140 2581 rupit
1186 2500 1484 2560 Saturnia
1525 2516 1771 2582 postes.

451 2614 650 2678 Ardet
701 2617 989 2679 inexcita
1027 2620 1306 2681 Ausonia
1348 2636 1543 2704 atque
1585 2613 1931 2680 immobilis
1973 2635 2150 2678 ante.

453 2737 603 2798 Pars
641 2733 833 2821 pedes
864 2739 958 2798 ire
997 2754 1178 2822 parat
1217 2740 1497 2824 eampis;
1537 2757 1678 2822 pars
1720 2733 1961 2798 arduus
2002 2734 2149 2797 altis

457 2853 954 2918 Pulverulentus
997 2858 1182 2942 equis
1223 2853 1419 2919 furit:
1459 2875 1669 2918 onmes
1710 2877 1881 2918 arma
1926 2856 2289 2941 requirunt.

456 2975 604 3036 Pars
647 2972 822 3038 leves
858 2975 1101 3060 clipeos
1137 2993 1202 3038 et
1243 2975 1493 3062 spicula
1533 2974 1755 3039 lucida
1796 2992 2059 3065 tergunt

459 3097 702 3158 Arvina
743 3095 1007 3183 pingui,
1051 3093 1493 3186 subiguntque
1535 3101 1600 3159 in
1642 3111 1789 3160 cote
1826 3113 2116 3171 secures;

459 3215 788 3303 Signaque
829 3209 995 3277 ferre
1037 3219 1253 3292 iuvat,
1297 3217 1672 3302 sonitusque
1716 3215 1939 3279 audire
1981 3213 2313 3279 tubarum.

461 3336 760 3420 Quinque
803 3333 960 3397 adeo
1001 3357 1266 3426 magnae
1305 3338 1532 3422 positis
1571 3335 1913 3400 incudibus
1954 3335 2143 3400 urbes

463 3452 622 3516 Tela
661 3471 930 3530 novant,
979 3456 1170 3517 Atina
1213 3474 1469 3541 potens,
1511 3455 1843 3546 Tiburque
1882 3456 2260 3544 superbum,

467 3571 708 3650 Ardea,
741 3575 1307 3663 Crustumerique,
1351 3595 1416 3639 et
1461 3579 1823 3666 turrigerae
1863 3579 2246 3637 Antemnae.
2332 3603 2345 3616 ·

471 3693 778 3780 Tegmina
821 3711 966 3756 tnta
1003 3714 1229 3758 cavant
1270 3699 1590 3783 capitum,
1631 3693 2031 3782 flectuntque
2071 3693 2347 3783 salignas

472 3809 826 3877 Vmbonum
865 3831 1107 3876 crates:
1151 3815 1266 3878 alii
1311 3814 1608 3880 thoracas
1641 3811 1909 3888 ahenos,

477 3934 604 3994 Ant
643 3931 820 3998 leves
858 3954 1078 3997 ocreas
1111 3934 1285 4000 lento
1321 3935 1568 4002 ducunt
1604 3951 1902 4026 argento.
