3400 5175
1028 590 1183 673 106
1644 614 1720 669 Ρ.
1803 614 2358 670 vrnornu
2613 621 2774 700 299

1114 752 1290 815 Haec
1332 746 1552 813 eadem
1592 750 1908 836 matrique
1950 766 2102 811 tuae
2141 749 2498 838 generique
2539 750 2914 817 manebunt.

1114 872 1218 933 Sic
1260 871 1355 931 ait
1393 867 1835 957 illacrymans3
1877 865 2138 934 humero
2177 869 2369 933 simul
2407 872 2591 933 exuit
2631 893 2836 937 ensem

1124 994 1475 1065 Auratum,
1520 989 1677 1049 mira
1720 1009 1904 1075 quem
1949 983 2188 1051 fecerat
2231 1004 2368 1051 arte
2413 992 2670 1076 Lycaon

1117 1110 1429 1185 Gnosius,
1468 1124 1666 1193 atque
1712 1104 1986 1171 habilem
2030 1109 2265 1197 vagina
2305 1126 2562 1193 aptarat
2601 1108 2874 1175 eburna.

1116 1232 1241 1291 Dat
1282 1230 1438 1290 Niso
1480 1224 1848 1291 Mnestheus
1893 1226 2122 1313 pellem
2161 1224 2608 1315 horrentisque
2650 1229 2850 1293 leonis

1120 1348 1440 1425 Exuvias;
1480 1347 1727 1437 galeam
1767 1344 1926 1411 fidus
1969 1362 2290 1433 permutat
2331 1346 2584 1411 Aletes.

1119 1469 1416 1530 Protinus
1456 1468 1683 1531 armati
1723 1464 2055 1530 incedunt:
2101 1488 2264 1553 quos
2297 1468 2499 1530 omnis
2539 1486 2762 1531 euntes

1120 1590 1469 1651 Primorum
1510 1608 1728 1650 manus
1768 1585 1846 1649 ad
1889 1604 2107 1671 portas
2150 1587 2589 1673 iuvenumque
2625 1609 2969 1675 senumque

1118 1710 1537 1794 Prosequitur
1577 1709 1780 1770 votis.
1819 1708 1952 1769 Nec
1997 1728 2118 1770 non
2161 1722 2226 1767 et
2269 1703 2538 1791 pulcher
2579 1706 2792 1783 Iulus,

1119 1831 1286 1889 Ante
1324 1848 1516 1889 annos
1557 1829 1966 1913 animumque
2007 1846 2230 1915 gerens
2272 1848 2621 1915 curamque
2655 1826 2941 1904 virilem,

1118 1943 1332 2009 Multa
1369 1946 1543 2030 patri
1581 1942 1894 2030 portanda
1933 1941 2124 2008 dabat
2167 1944 2499 2023 mandata;
2547 1944 2658 2009 sed
2693 1966 2880 2010 aurae

1120 2066 1345 2127 Omnia
1384 2062 1788 2149 discerpunt,
1829 2082 1896 2127 et
1939 2060 2219 2129 nubibus
2257 2066 2446 2129 irrita
2481 2064 2758 2131 donant.

1220 2184 1475 2275 Egressi
1516 2200 1822 2269 superant
1865 2179 2095 2261 fossas,
2131 2189 2467 2275 noctisque
2511 2207 2622 2273 per
2665 2182 2946 2251 umbram

1120 2306 1347 2367 Castra
1384 2306 1643 2367 inimica
1682 2320 1947 2389 petunt,
1993 2305 2210 2369 multis
2251 2323 2460 2370 tamen
2501 2323 2650 2369 ante
2692 2304 2900 2371 futuri

1124 2426 1381 2487 Exitio.
1422 2426 1649 2489 Passim
1691 2446 1906 2487 somno
1945 2427 2227 2514 vinoque
2263 2449 2378 2513 per
2416 2424 2678 2493 herbam

1120 2546 1404 2633 Corpora
1444 2540 1584 2608 fusa
1624 2542 1880 2622 vident,
1926 2544 2216 2612 adrectos
2257 2544 2450 2611 litore
2489 2568 2750 2624 currus,

1122 2667 1299 2729 Inter
1340 2664 1475 2730 lora
1516 2681 1820 2753 rotasque
1855 2668 2061 2744 viros;
2106 2667 2293 2730 simul
2333 2689 2510 2732 arma
2551 2670 2793 2744 iacere,

1124 2787 1291 2848 Vina
1330 2783 1559 2850 simul.
1596 2788 1776 2850 Prior
1819 2785 2210 2875 Hyrtacides
2249 2791 2339 2856 sic
2379 2811 2488 2852 ore
2530 2788 2863 2874 loquutus:

1120 2906 1439 2994 Euryale,
1480 2903 1842 2969 audendum
1880 2904 2143 2972 dextra:
2189 2931 2354 2972 nunc
2393 2911 2534 2996 ipsa
2575 2923 2764 2970 vocat
2807 2927 2931 2968 res.

1122 3030 1256 3092 Hac
1300 3028 1425 3091 iter
1462 3043 1587 3089 est.
1630 3029 1767 3104 Tu,
1811 3049 1890 3090 ne
1929 3049 2059 3114 qua
2101 3050 2316 3091 manus
2353 3051 2420 3091 se
2461 3007 2762 3092 attollere
2805 3024 2980 3090 nobis

1126 3147 1181 3208 A
1224 3161 1406 3234 tergo
1450 3147 1681 3230 possit,
1721 3145 2012 3222 custodi,
2053 3165 2118 3210 et
2157 3147 2414 3212 consule
2450 3146 2678 3238 longe.

1122 3267 1297 3326 Haec
1338 3285 1461 3351 ego
1502 3283 1682 3327 vasta
1723 3264 1922 3342 dabo,
1966 3284 2030 3330 et
2069 3266 2202 3329 lato
2243 3282 2307 3328 te
2350 3265 2556 3330 limite
2597 3263 2862 3328 ducam.

1122 3384 1228 3446 Sic
1264 3383 1559 3448 memorat
1578 3429 1597 3460 ,
1624 3405 1974 3473 vocemque
2001 3387 2270 3473 premit;
2301 3385 2489 3448 simul
2507 3406 2656 3448 ense
2681 3379 3018 3470 superbum

1126 3499 1535 3566 Rhamnetem
1574 3502 1998 3594 adgreditur:
2041 3508 2158 3594 qui
2197 3499 2362 3568 forte
2406 3501 2734 3590 tapetibus
2771 3501 2923 3567 altis

1130 3627 1519 3687 Exstructus
1559 3642 1695 3687 toto
1741 3623 2060 3712 proflabat
2099 3643 2356 3712 pectore
2393 3642 2711 3699 somnum3

1123 3715 1266 3806 ilex
1312 3743 1514 3822 idem,
1554 3762 1619 3808 et
1661 3748 1800 3835 regi
1841 3749 2058 3808 Turno
2097 3747 2495 3836 gratissimus
2539 3761 2784 3834 augur:

1124 3863 1243 3928 Sed
1290 3888 1413 3929 non
1452 3871 1726 3957 augurio
1766 3869 1982 3952 potuit
2027 3863 2346 3952 depellere
2391 3881 2664 3950 pestem.

1126 3985 1281 4046 Tres
1319 3987 1511 4050 iuxta
1548 3980 1818 4050 famulos
1861 4003 2098 4050 temere
2137 3988 2306 4056 inter
2349 3983 2482 4048 tela
2521 3983 2836 4054 iacentes,
