3400 5175
1281 624 1726 679 CIBIS.
1889 622 2052 707 499
2312 612 2472 711 267

599 758 791 826 Tum,
832 772 960 839 qua
1000 770 1065 813 se
1106 748 1379 813 medium
1418 756 1650 840 capitis
1688 730 2034 839 disqrimen
2067 758 2332 849 agebat,

598 876 763 935 Ecce
805 888 1097 955 repente,
1142 870 1319 934 velut
1361 876 1603 956 patrios
1646 876 1932 939 imitatus
1974 875 2279 959 honores,

596 992 931 1052 Punieeam
972 990 1293 1051 concussit
1335 1010 1494 1075 apex
1534 992 1598 1053 in
1640 997 1886 1057 vertice
1925 1000 2220 1062 cristam.

598 1112 679 1169 At
724 1106 931 1170 mollis
974 1109 1183 1169 var-ios
1223 1110 1512 1171 intexens
1548 1112 1760 1196 pluma
1799 1112 2082 1191 colores,

598 1232 1016 1290 Marmoreum
1058 1226 1307 1289 volucri
1352 1230 1617 1291 vestivit
1662 1234 1939 1319 tegmine
1980 1254 2238 1321 corpus,

601 1348 929 1431 Lentaque
967 1364 1308 1431 perpetuas
1342 1342 1643 1411 fuderunt
1686 1346 1950 1415 brachia
1989 1372 2254 1437 pennas.

600 1464 757 1529 Inde
796 1464 953 1527 alias
993 1484 1231 1552 partes,
1276 1468 1595 1554 minioque
1636 1464 1876 1533 infecta
1915 1470 2170 1535 rubenti

597 1587 829 1662 Crura,
872 1606 1033 1649 nova
1068 1588 1297 1649 macies
1336 1584 1609 1651 obduxit
1652 1588 1951 1675 squalida
1989 1590 2188 1676 pelli,

594 1706 681 1769 Et
721 1702 993 1791 pedibus
1030 1707 1265 1769 teneris
1302 1726 1547 1796 ungues
1585 1705 1807 1771 adfixit
1849 1730 2096 1774 acutos.

592 1826 893 1888 Attamen
935 1821 1053 1887 hoc
1096 1822 1345 1889 demum
1387 1826 1649 1889 miserae
1685 1850 2058 1893 suoeurrere
2093 1848 2285 1918 paeto

596 1952 723 2013 Vix
760 1944 971 2012 fuerat
1013 1946 1266 2035 placida
1304 1948 1584 2035 Neptuni
1628 1950 1902 2039 coniuge
1940 1946 2238 2040 dignum.

594 2070 956 2153 Numquam
998 2066 1172 2129 illam
1218 2065 1479 2152 posthac
1519 2066 1694 2130 oculi
1735 2067 1954 2131 videre
1995 2092 2248 2133 suorum

592 2188 952 2273 Purpureas
990 2182 1153 2248 flavo
1190 2188 1566 2249 retinentem
1606 2188 1848 2249 vertice
1885 2190 2128 2265 vittas;

596 2306 739 2367 Non
779 2301 1097 2367 thalamus
1136 2308 1325 2392 Syrio
1366 2301 1651 2395 fragrans
1690 2310 1938 2393 accepit
1979 2330 2251 2387 amomo,

598 2422 831 2485 Nullae
876 2422 1047 2485 illam
1078 2422 1298 2485 sedes.
1348 2422 1515 2503 Quid
1558 2426 1681 2487 iam
1723 2446 1866 2487 cum
1907 2423 2168 2490 sedibus
2209 2420 2356 2491 illi?

599 2546 771 2624 Quae
809 2542 999 2606 simul
1036 2560 1109 2605 ut
1150 2564 1281 2606 sese
1317 2564 1476 2608 cano
1516 2544 1595 2606 de
1633 2546 1895 2634 gurgite
1936 2544 2123 2610 velox

598 2665 751 2726 Cum
792 2666 1005 2726 sonitu
1045 2661 1125 2726 ad
1163 2661 1405 2726 caelum
1445 2659 1866 2726 stridentibus
1901 2664 2139 2728 extulit
2178 2665 2332 2745 alis,

597 2784 679 2844 Et
719 2781 985 2845 multum
1027 2781 1156 2844 late
1196 2779 1492 2867 dispersit
1532 2782 1597 2842 in
1634 2801 1914 2867 aequora
1958 2803 2198 2861 rorem3

596 2896 834 2964 Infelix
876 2905 1057 2990 virgo
1092 2897 1519 2987 nequidquam
1560 2920 1595 2960 a
1632 2917 1830 2960 morte
1869 2917 2126 2987 recepta

596 3017 917 3082 Incultum
958 3018 1109 3080 solis
1152 3020 1214 3104 in
1258 3016 1527 3103 rupibus
1566 3019 1775 3107 exigit
1815 3039 2074 3095 aevum,

594 3136 922 3226 Rupibus,
956 3157 1020 3202 et
1061 3135 1375 3223 scopulis,
1412 3155 1473 3198 et
1512 3133 1818 3200 litoribus
1859 3135 2158 3200 desertis.

592 3261 728 3322 Nec
754 3275 965 3320 tamen
994 3253 1115 3319 hoc
1144 3259 1345 3343 ipsum
1378 3277 1577 3342 poena
1604 3259 1770 3318 sine:
1807 3276 2080 3342 namque
2106 3252 2288 3318 deum
2320 3279 2464 3337 rex,

596 3379 819 3442 Omnia
855 3378 969 3463 qui
1010 3377 1275 3462 imperio
1320 3395 1629 3440 terrarum
1674 3373 1876 3437 millia
1917 3393 2164 3452 versat,

594 3499 955 3558 Commotus
997 3494 1189 3558 talem
1230 3492 1311 3558 ad
1350 3515 1609 3580 superos
1650 3492 1918 3556 volitare
1957 3491 2266 3578 puellam,

594 3619 799 3696 Quum
844 3631 1021 3700 pater
1062 3615 1413 3676 exstinctus
1453 3633 1641 3676 caeca
1676 3610 1794 3674 sub
1837 3629 2020 3674 nocte
2060 3611 2318 3691 lateret,

591 3731 703 3795 Illi
744 3752 857 3819 pro
896 3733 1133 3818 pietate
1168 3753 1278 3794 sua
1318 3727 1504 3818 (nam
1545 3751 1734 3816 saepe
1775 3731 2082 3792 nitentum

589 3852 911 3941 Sanguine
953 3867 1275 3912 taurorum
1317 3851 1585 3936 supplex
1628 3867 2004 3934 resperserat
2047 3869 2220 3926 aras,

590 3970 787 4055 Saepe
824 3963 1009 4031 defun
1049 3967 1225 4057 largo
1266 3967 1589 4033 decorarat
1628 3989 1882 4032 munere
1921 3963 2146 4059 sedes)
