3400 5175
994 600 1147 705 154
1604 625 1677 677 ι’.
1771 622 2338 679 vrncrtrr
2573 606 2740 680 803

1084 756 1557 841 Praecipitant,
1598 757 1800 817 omnis
1841 758 2082 842 campis
2119 752 2388 845 diffugit
2427 774 2673 835 arator,

1076 878 1293 938 Omnis
1330 892 1395 938 et
1437 875 1756 966 agricola,
1799 892 1862 939 et
1905 890 2050 937 tuta
2091 876 2248 939 latet
2290 897 2434 939 arce
2470 878 2690 939 viator·

1079 1001 1205 1057 Aut
1248 996 1449 1057 amnis
1489 997 1677 1081 ripis,
1721 1014 1830 1059 aut
1873 996 1989 1060 alti
2029 996 2274 1063 fornice
2307 1002 2488 1077 saxi,

1074 1120 1239 1179 Dum
1280 1117 1447 1202 pluit
1486 1120 1551 1181 in
1594 1121 1816 1197 terris;
1858 1137 1930 1181 ut
1969 1119 2238 1205 possint,
2281 1116 2412 1179 sole
2451 1114 2751 1191 reducto,

1080 1234 1394 1298 Exercere
1432 1234 1631 1299 diem:
1676 1241 1766 1301 sic
1803 1237 2072 1302 obrutus
2111 1236 2400 1324 undique
2443 1234 2591 1298 telis

1081 1358 1317 1417 Aeneas
1358 1353 1584 1421 nubem
1628 1356 1820 1437 belli,
1857 1358 2004 1421 dum
2045 1357 2306 1421 detonet
2347 1356 2581 1433 omnis,

1078 1475 1395 1550 Sustinet,
1438 1491 1501 1538 et
1547 1480 1812 1539 Lausum
1852 1478 2236 1567 increpitat,
2280 1481 2613 1562 Lausoque
2651 1476 2960 1535 minatum

1080 1596 1219 1672 Quo
1260 1596 1766 1673 moritureruis,
1811 1601 2176 1685 maioraque
2215 1592 2466 1659 viribus
2505 1586 2748 1656 audes?

1080 1710 1277 1773 Fallit
1321 1728 1385 1775 te
1424 1716 1757 1777 incautum
1802 1718 2014 1803 pietas
2051 1734 2198 1779 tua.
2239 1718 2372 1777 Nec
2415 1716 2620 1776 minus
2661 1710 2772 1773 ille

1086 1830 1381 1919 Exsultat
1424 1831 1704 1897 demens:
1744 1856 1970 1899 saevae
2011 1838 2266 1922 iamque
2303 1834 2496 1897 altius
2537 1835 2666 1894 irae

1080 1946 1401 2011 Dardanio
1437 1972 1708 2042 surgunt
1751 1952 2045 2033 duetdri,
2088 1972 2502 2040 extremaque
2542 1957 2747 2014 Lauso

1084 2068 1317 2130 Parcae
1358 2066 1461 2133 fila
1502 2072 1759 2163 legunt:
1803 2072 2090 2139 validum
2133 2095 2402 2162 namque
2441 2072 2651 2161 exigit
2686 2090 2893 2133 ensem

1085 2188 1203 2249 Per
1246 2186 1515 2253 medium
1566 2194 1804 2256 Aeneas
1844 2196 2172 2271 iuvenem,
2213 2210 2548 2281 totumque
2587 2188 2910 2255 recondit.

1084 2310 1365 2371 Transiit
1407 2330 1473 2373 et
1515 2334 1791 2398 parmam
1835 2337 2084 2393 mucro,
2120 2312 2290 2375 levia
2331 2332 2497 2375 arma
2538 2311 2830 2386 minacis,

1090 2428 1171 2489 Et
1218 2430 1537 2511 tunicam,
1574 2434 1750 2497 molli
1797 2452 1996 2498 mater
2033 2454 2222 2521 quam
2264 2448 2524 2494 neverat
2565 2449 2753 2492 aurot

1086 2548 1519 2642 Implevitque
1552 2556 1725 2618 sinus
1761 2556 2047 2646 sanguis:
2095 2570 2229 2616 tum
2273 2552 2408 2615 vita
2451 2570 2564 2637 per
2606 2568 2793 2612 auras

1083 2668 1407 2733 Concessit
1452 2691 1691 2737 maesta
1730 2675 1808 2739 ad
1853 2678 2100 2750 Manes,
2141 2691 2502 2758 corpusque
2545 2665 2848 2758 reliquit.

1090 2790 1173 2849 At
1216 2811 1369 2853 vero
1408 2809 1481 2854 ut
1521 2793 1773 2856 vultum
1815 2792 1985 2857 vidit
2031 2792 2352 2856 morientis
2388 2807 2454 2852 et
2495 2811 2634 2866 ora,

1090 2909 1217 2970 Ora
1259 2909 1458 2972 modis
1506 2910 1922 2977 Anchisiades
1967 2911 2276 2999 pallentia
2315 2913 2529 2986 miris,

1088 3028 1407 3114 Ingemuit
1455 3033 1754 3094 miserans
1795 3036 2114 3122 graviter,
2157 3029 2578 3116 dextramque
2621 3023 2927 3090 tetendit-t

1089 3147 1171 3206 Et
1212 3163 1479 3210 mentem
1522 3155 1770 3235 patriae
1811 3150 2012 3216 subiit
2053 3153 2312 3238 pietatis
2352 3152 2596 3240 imago.

1092 3263 1259 3343 Quid
1306 3264 1427 3329 tibi
1466 3290 1660 3346 nune,
1705 3269 2056 3334 miserande
2098 3293 2286 3358 puer,
2329 3291 2443 3356 pro
2473 3264 2769 3331 laudibus
2809 3268 2982 3341 istis,

1092 3387 1260 3468 Quid
1302 3391 1445 3476 pins
1488 3393 1726 3453 Aeneas
1769 3408 1950 3454 tanta
1993 3389 2174 3455 dabit
2218 3389 2432 3454 indole
2473 3381 2784 3480 dignum?

1096 3511 1314 3585 Arma,
1358 3506 1595 3596 quibus
1636 3509 1951 3587 laetatus,
1991 3508 2154 3574 habe
2195 3527 2343 3573 tua:
2383 3525 2576 3597 teque
2615 3521 2947 3596 parentum

1092 3627 1391 3692 Manibus
1431 3647 1495 3692 et
1536 3631 1776 3707 cineri,
1828 3633 1880 3694 si
1921 3651 2048 3716 qua
2088 3649 2179 3693 est
2222 3652 2299 3693 ea
2335 3651 2526 3704 cura,
2568 3628 2862 3690 remitto.

1098 3754 1233 3814 Hoc
1278 3765 1487 3814 tamen
1530 3746 1760 3814 infelix
1803 3753 2090 3815 miseram
2127 3748 2409 3814 solabere
2447 3765 2749 3825 mortem3

1098 3871 1343 3933 Aeneae
1385 3873 1595 3962 magni
1636 3869 1861 3935 dextra
1907 3869 2112 3935 cadis.
2153 3873 2449 3956 Increpat
2493 3867 2666 3930 ultro

1098 3989 1493 4053 Cunctantes
1530 3991 1768 4071 socios,
1807 4007 1874 4054 et
1917 4008 2083 4054 terra
2123 3983 2412 4054 su‘blevat
2457 3993 2696 4076 ipsum,
