3400 5175
554 2208 607 2372 *st

1072 666 1527 723 Aznmnos
1578 668 1752 723 nm.
1806 670 1934 723 xr.
2079 644 2229 749 ¹59
2386 646 2538 727 165

655 798 837 863 Felix
874 816 1077 863 morte
1116 816 1225 861 tua
1238 846 1257 877 ,
1298 822 1503 888 neque
1540 803 1610 863 in
1652 798 1820 865 hunc
1860 820 2111 865 servata
2148 798 2454 867 dolorem!

656 922 893 981 Contra
930 936 1053 1007 ego
1092 916 1368 981 vivendo
1408 921 1540 981 vici
1582 942 1716 982 mea
1755 916 1919 997 fata,
1957 942 2274 1008 superstes

654 1037 981 1099 Restarem
1022 1054 1093 1097 ut
1131 1040 1417 1126 genitor.
1456 1040 1693 1101 Troum
1734 1043 1906 1103 socia
1947 1063 2124 1105 arma
2163 1062 2508 1132 sequutum

658 1153 1016 1218 obruerent
1053 1154 1286 1224 Rutuli
1325 1150 1499 1218 telia!
1544 1158 1818 1220 animam
1841 1162 1996 1249 ‚ipse
2033 1159 2375 1239 dedissem,

654 1276 868 1360 Atque
887 1270 1042 1334 haec
1062 1294 1289 1359 pompa
1312 1272 1560 1337 domum
1590 1298 1720 1353 me,
1749 1300 1870 1340 non
1900 1278 2221 1356 Pallanta,
2245 1269 2538 1347 referret!

652 1391 785 1452 Nec
827 1410 939 1452 voa
974 1392 1326 1477 arguerim,
1368 1393 1635 1471 Teucri,
1678 1400 1794 1459 nec
1831 1394 2122 1477 foedera,
2161 1424 2306 1479 nec,
2346 1425 2506 1491 quaa

652 1507 984 1569 Iunximua
1026 1506 1341 1593 hospitio,
1382 1508 1671 1575 dextrae:
1714 1536 1848 1577 sora
1891 1520 2015 1580 ista
2051 1537 2346 1584 senectae

650 1623 887 1688 Debita
924 1644 1061 1687 erat
1104 1644 1384 1689 nostrae.
1424 1629 1610 1707 Quod
1650 1634 1704 1693 ai
1753 1636 2083 1700 immatura
2128 1638 2420 1705 manebat

650 1746 823 1807 Mors
862 1762 1113 1821 natum3
1150 1748 1347 1808 caesis
1398 1747 1768 1814 Volscorum
1813 1754 2100 1820 millibus
2138 1776 2316 1837 ante,

648 1864 993 1925 Ducentem
1035 1866 1103 1924 in
1149 1866 1405 1927 Latium
1454 1868 1732 1931 Teucros
1768 1872 2075 1938 cecidisse
2114 1876 2395 1943 iuvabit.

648 1984 819 2059 Quin
858 2002 978 2069 ego
1018 2003 1141 2045 non
1182 1981 1310 2045 alio
1351 1982 1579 2072 digner
1630 2004 1694 2049 te
1735 1984 1988 2069 funere,
2032 1994 2238 2073 Palla,

650 2102 845 2179 Quam
876 2104 1019 2186 pius
1039 2092 1455 2166 Aeneas-*et
1482 2082 1673 2191 quam
1695 2113 1909 2201 magni
1927 2109 2538 2205 Phryges‚etquam
2582 2108 2630 2157 ²*

655 2215 1105 2306 Tyrrhenique
1145 2219 1365 2299 duces,
1408 2222 1808 2310 Tyrrhenum
1852 2234 2174 2297 exercitus
2215 2240 2445 2301 omnia.
2591 2230 2640 2275 ²¹¹

655 2340 890 2427 Magna
928 2355 1185 2423 tropaea
1220 2335 1473 2417 ferunt,
1509 2364 1668 2430 quoa
1708 2320 1815 2409 ‹lat
1860 2367 1972 2413 tua
2011 2350 2276 2418 dextera
2315 2357 2479 2422 leto.
2588 2352 2636 2399 ’¹¹‘

646 2459 747 2519 Tu
786 2480 1043 2544 quoque
1086 2480 1247 2521 nunc
1288 2478 1485 2523 stares
1524 2466 1812 2527 immania
1853 2485 2114 2532 truncus
2153 2474 2218 2535 in
2257 2479 2478 2555 armis,

648 2578 825 2662 Ense}
868 2597 981 2662 par
1021 2595 1223 2651 aetas,
1264 2597 1329 2640 et
1372 2577 1538 2643 idem
1582 2584 1637 2644 si
1676 2581 1869 2649 robur
1911 2588 1992 2651 ab
2029 2594 2247 2668 annis,

644 2697 890 2756 Turne.
931 2693 1055 2758 Sed
1088 2692 1317 2759 infelix
1356 2700 1635 2761 Teucros
1677 2703 1838 2788 quid
1877 2704 2166 2771 demoror
2209 2707 2439 2775 armis?

644 2813 907 2889 Vadite,
936 2829 999 2874 et
1041 2810 1193 2876 haec
1232 2836 1535 2878 memores
1568 2822 1705 2909 regi
1744 2823 2042 2888 mandata
2081 2823 2350 2893 referte:

645 2930 829 3011 Quod
869 2935 1064 2994 vitam
1110 2955 1313 2997 moror
1350 2939 1653 3016 invisam,
1696 2941 1986 3008 Pallante
2028 2961 2346 3031 peremto,

646 3053 929 3114 Dextera
962 3073 1185 3114 caussa
1225 3071 1336 3115 tua
1368 3073 1499 3131 eat,
1542 3059 1826 3123 Turnum
1867 3083 2152 3152 natoque
2193 3071 2490 3158 patrique

642 3173 843 3250 Quam
882 3169 1113 3235 debere
1151 3171 1359 3234 videa.
1402 3177 1657 3241 Meritis
1696 3197 1887 3243 vacat
1929 3177 2034 3247 hic
2079 3183 2202 3249 tibi
2245 3188 2414 3252 solue

642 3291 1089 3376 Fortunaeque
1128 3289 1336 3353 locus.
1375 3293 1516 3356 Non
1556 3298 1734 3360 vitae
1775 3299 2026 3387 gaudia.
2057 3324 2336 3390 quaero,

640 3409 773 3470 Nec
814 3404 936 3471 faa:
975 3408 1083 3472 aed
1124 3428 1273 3472 nato
1314 3409 1434 3476 hoc
1477 3417 1695 3479 Manes
1742 3415 2025 3502 perferre
2067 3421 2186 3488 auh
2223 3412 2404 3489 imos.

739 3530 985 3591 Aurora
1024 3530 1267 3592 interea
1310 3534 1553 3596 miseria
1590 3534 1966 3602 mortalibus
2004 3540 2230 3606 almam

638 3643 981 3708 Extulerat
1017 3645 1259 3725 lucem,
1300 3647 1579 3715 referens
1618 3676 1808 3740 opera
1848 3673 2042 3743 atque
2077 3657 2355 3724 labores.

638 3765 774 3826 Iam
814 3781 1001 3850 pater
1045 3769 1326 3846 Aeneas,
1370 3775 1493 3834 iam
1533 3794 1732 3838 curvo
1773 3777 1840 3836 in
1880 3774 2072 3838 litore
2113 3775 2360 3839 Tarcho

636 3884 1043 3947 Constituere
1083 3908 1306 3974 pyrae.
1348 3893 1489 3954 Huc
1524 3912 1808 3977 corpora·
1833 3895 2108 3979 quisque
2147 3914 2401 3960 auorum

638 4003 818 4065 More
856 4003 1067 4067 tulere
1105 4027 1391 4093 patrum:
1433 4009 1870 4097 subiectisque
1911 4007 2170 4101 ignibua
2207 4015 2366 4082 atsi·
