3400 5175
933 489 1395 545 Anunrnos
1467 488 1641 542 Lm.
1705 490 1874 542 x11.
1961 468 2122 543 216
2243 466 2405 546 201'

630 625 714 687 At
756 643 907 684 vero
950 620 1215 687 Rutulis
1257 624 1456 707 impar
1494 644 1567 684 ea
1606 644 1824 712 pugna
1861 623 2072 687 videri

532 740 943 817 Iamdudum,
984 756 1049 803 et
1090 743 1269 803 vario
1312 743 1562 802 misceri
1603 758 1862 825 pectora
1901 760 2112 819 motu;

534 864 697 923 Tum
712 864 932 950 magis,
956 878 1027 921 ut
1046 863 1305 946 propius
1320 876 1585 922 cernunt
1604 902 1619 917 .
1634 849 1681 895 '¹¹‘
1696 880 1816 921 non
1831 858 2077 925 viribus
2097 861 2314 947 aequis
2329 902 2345 921 .
2363 850 2410 897 ²¹¹

530 977 819 1042 Adiuvat
862 982 1110 1041 incessu
1154 980 1355 1040 tacito
1394 980 1894 1066 progressus‚'et
1933 1000 2097 1041 aram

528 1096 931 1183 Suppliciter
971 1117 1277 1158 venerans
1314 1094 1579 1159 demisso
1614 1096 1888 1174 lumine,
1931 1100 2214 1174 Turnus,

532 1214 982 1303 Tabentesque
1025 1237 1261 1306 genae,
1306 1233 1368 1279 et
1412 1213 1697 1277 iuvenali
1746 1217 1811 1276 in
1855 1236 2120 1300 corpore
2163 1213 2404 1300 pallor.

530 1338 725 1415 Quem
762 1335 948 1399 simul
988 1356 1061 1397 ac
1102 1338 1369 1397 Iuturna
1406 1355 1583 1396 soror
1619 1332 2017 1397 crebrescere
2059 1332 2228 1397 vidit

533 1456 934 1531 Sermonem,
967 1471 1030 1516 et
1072 1452 1257 1542 vulgi
1291 1455 1539 1516 variare
1577 1450 1865 1515 labantia
1902 1448 2126 1513 corda:

529 1574 605 1633 In
644 1569 885 1635 medias
924 1575 1127 1649 acies,
1169 1569 1431 1637 formam
1476 1569 1860 1634 adsimulata
1897 1571 2208 1645 Camerti,

534 1692 657 1751 Cui
698 1711 895 1778 genus
934 1712 969 1752 a
1006 1694 1257 1777 proavis
1298 1694 1556 1781 ingens,
1596 1689 1970 1777 clarumque
2007 1708 2308 1775 paternae

532 1812 773 1871 Nomen
808 1826 941 1871 erat
985 1812 1277 1885 virtutis,
1318 1830 1384 1874 et
1425 1814 1560 1896 ipse
1600 1812 1942 1872 acerrimus
1978 1814 2205 1887 armis;

532 1928 608 1988 In
648 1927 879 1990 medias
920 1926 1031 1990 dat
1073 1950 1205 1991 sese
1243 1930 1448 2005 acies,
1494 1926 1662 1992 haud
1711 1932 1920 1993 nescia
1956 1951 2201 2007 rerum,

534 2048 969 2133 Rumoresque
1008 2050 1161 2109 serit
1202 2050 1440 2125 varios,
1482 2066 1553 2108 ac
1593 2045 1750 2107 talia
1789 2042 1994 2109 fatur:

535 2166 678 2227 Non
719 2164 951 2251 pudet,
991 2188 1029 2227 o
1072 2164 1333 2241 Rutuli,
1376 2186 1492 2251 pro
1526 2165 1779 2227 cunctis
1815 2162 2056 2227 talibus
2095 2186 2286 2227 unam

532 2282 869 2347 obiectare
910 2277 1221 2347 animam?
1261 2304 1593 2346 numerone
1636 2304 1714 2345 an
1757 2280 2001 2346 viribus
2037 2285 2228 2369 aequi

536 2403 679 2463 Non
700 2392 1270 2464 sumus?enomnes
1298 2418 1362 2465 et
1386 2405 1618 2478 Troes,
1642 2420 1706 2463 et
1735 2402 2012 2465 Arcades
2031 2448 2049 2478 ,
2077 2401 2144 2465 hi
2172 2418 2346 2465 sunt.

438 2500 489 2558 ἶ*
538 2520 907 2608 Fatalisque
946 2534 1162 2583 manus
1204 2516 1449 2583 infensa
1483 2521 1738 2581 Etruria
1779 2522 2026 2581 Turno,
2321 2510 2368 2556 '¹¹‘

538 2644 663 2703 Vix
706 2637 989 2716 hostem,
1030 2637 1261 2702 alterni
1299 2642 1353 2701 si
1394 2637 1881 2729 congrediamur
1905 2684 1923 2715 ,
1960 2635 2288 2702 habemus.

539 2758 661 2822 Ille
698 2757 954 2846 quidem
1000 2757 1078 2822 ad
1123 2761 1423 2844 Superos,
1465 2778 1736 2845 quorum
1777 2777 1842 2818 se
1882 2755 2151 2819 devovet
2197 2759 2355 2832 aris,

539 2876 849 2942 succedet
890 2873 1085 2953 fama,
1128 2879 1437 2963 vivusque
1476 2898 1587 2963 per
1625 2898 1735 2939 ora
1777 2871 2049 2939 feretur:

536 2997 697 3073 Nos,
740 2997 947 3081 patria
984 2997 1205 3058 amissa
1228 3041 1247 3072 ,
1286 2993 1555 3058 dominis
1596 3017 1820 3081 parere
1857 2991 2144 3080 superbis

541 3117 892 3203 Cogemur,
932 3116 1049 3200 qui
1089 3135 1255 3177 nunc
1298 3114 1460 3177 lenti
1499 3113 1896 3177 consedimus
1935 3114 2158 3174 armis.

542 3229 811 3294 Talibus
848 3233 1104 3296 incensa
1144 3251 1237 3296 est
1276 3235 1577 3296 iuvenum
1618 3234 1934 3296 sententia
1975 3230 2204 3310 dictis,

542 3351 675 3411 Iam
698 3354 897 3440 magis
914 3369 1109 3437 atque
1126 3354 1359 3442 magis;
1380 3353 1712 3440 serpitque
1726 3373 1840 3438 per
1853 3349 2102 3440 agmina
2121 3371 2418 3413 murmur.

544 3469 681 3554 Ipsi
726 3471 1068 3560 Laurentes
1104 3473 1367 3548 mutati,
1410 3473 1665 3558 ipsique
1708 3471 1958 3534 Latini.

542 3587 667 3664 Qui
704 3584 827 3652 sibi
870 3590 995 3652 iam
1033 3591 1315 3676 requiem
1353 3611 1605 3680 pugnae
1640 3588 1956 3676 rebusque
1997 3587 2266 3651 salutem

544 3703 925 3789 Sperabam,
966 3729 1131 3769 nunc
1171 3729 1339 3770 arma
1376 3707 1635 3786 volunt,
1678 3705 2033 3794 foedusque
2075 3721 2419 3790 precantur

542 3819 899 3906 Infectam,
934 3843 999 3890 et
1040 3797 1243 3891 Turni
1280 3845 1511 3896 sortem
1550 3829 1930 3891 miserantur
1965 3825 2286 3912 iniquam.
