3400 5175
946 529 1099 606 188
1583 553 1657 605 ι’.
1741 474 2268 605 v1‘R01L11
2519 530 2680 610 803

1032 686 1231 745 Hasta
1270 677 1389 744 sub
1428 700 1741 745 exsertam
1780 681 1978 745 donec
2019 682 2273 770 perlata
2309 685 2616 771 papillam

1035 804 1297 876 Haesit,
1343 803 1829 890 virgineumque
1865 802 1996 865 alte
2035 800 2205 867 bibit
2245 822 2392 865 acta
2431 828 2747 869 cruorem.

1032 921 1430 982 Concurrunt
1473 917 1764 1005 trepidae
1804 925 2102 999 comites,
2144 922 2597 1011 dominamque
2625 944 2908 989 ruentem

1031 1040 1433 1122 Suscipiunt.
1486 1040 1683 1127 Fugit
1725 1058 1870 1101 ante
1906 1060 2121 1103 omnes
2163 1044 2518 1105 exterritus
2558 1046 2794 1105 Arruns

1032 1157 1311 1218 Laetitia
1354 1160 1682 1244 mixtoque
1723 1178 1925 1221 metu:
1971 1178 2085 1221 nec
2127 1162 2249 1221 iam
2289 1160 2563 1247 amplius
2603 1158 2828 1224 hastae

1030 1273 1340 1351 Credere,
1385 1298 1497 1339 nec
1540 1276 1685 1339 telis
1725 1270 2057 1342 occurrere
2097 1281 2367 1369 virginis
2405 1277 2634 1343 audet.

1034 1398 1127 1457 Ac
1172 1394 1349 1457 velut
1393 1396 1539 1473 ille,
1580 1400 1760 1482 prius
1799 1418 1988 1483 quam
2033 1396 2161 1462 tela
2201 1400 2464 1461 inimica
2497 1419 2884 1486 sequantur,

1032 1516 1351 1577 Continuo
1394 1518 1459 1577 in
1501 1534 1740 1579 montes
1775 1538 1908 1579 sese
1950 1518 2130 1580 avius
2171 1516 2422 1582 abdidit
2466 1519 2664 1595 altos,

1032 1635 1261 1697 Occiso
1300 1653 1592 1721 pastore,
1634 1636 1854 1721 lupus,
1897 1656 2200 1723 magnove
2237 1638 2534 1713 iuvenco,
2597 1666 2602 1673 ·

1032 1754 1342 1816 Conscius
1381 1753 1645 1817 audacis
1683 1751 1875 1829 facti,
1916 1754 2314 1842 caudamque
2351 1755 2701 1819 remulcens

1034 1867 1329 1932 Subiecit
1368 1874 1762 1955 pavitantem
1808 1890 2020 1949 utem,
2059 1872 2378 1959 silvasque
2422 1876 2694 1959 petivit;

1034 1987 1227 2051 Haud
1268 2011 1447 2052 secus
1488 2012 1569 2055 ex
1604 1992 1809 2055 oculis
1845 2012 1911 2053 se
1953 1989 2248 2054 turbidus
2288 1989 2555 2055 abstulit
2594 1996 2870 2071 Arruns3
2922 2024 2936 2038 ·

1030 2109 1511 2195 contentusque
1550 2106 1704 2200 fuga
1745 2110 1966 2175 mediis
2005 2132 2072 2173 se
2110 2113 2454 2174 immiscuit
2488 2112 2713 2173 armis.

1032 2223 1157 2287 Illa
1200 2248 1383 2290 manu
1426 2232 1695 2292 moriens
1735 2230 1932 2294 telum
1973 2228 2204 2294 trahit:
2249 2252 2386 2295 ossa
2423 2228 2534 2293 sed
2568 2232 2738 2293 inter

1032 2346 1303 2407 Ferreus
1344 2344 1425 2409 ad
1468 2368 1671 2411 costas
1711 2348 1846 2411 alto
1887 2368 2016 2412 stat
2056 2349 2317 2413 vulnere
2359 2369 2606 2412 mucro.

1031 2461 1298 2527 Labitur
1339 2468 1721 2556 exsanguis3
1768 2466 2074 2533 labuntur
2112 2465 2355 2557 frigida
2393 2467 2524 2531 leto

1030 2584 1333 2664 Lumina3
1376 2608 1734 2672 purpureus
1769 2587 2090 2675 quondam
2132 2587 2308 2655 color
2346 2607 2460 2648 ora
2499 2584 2806 2675 reliquit.

1028 2706 1191 2767 Tum
1232 2707 1323 2767 sic
1362 2708 1687 2790 exspirans
1729 2710 1964 2770 Accam
2003 2728 2084 2769 ex
2125 2703 2507 2793 aequalibus
2545 2728 2732 2768 unam

1029 2821 1462 2910 Adloquitu13
1500 2821 1625 2888 fida
1662 2842 1806 2887 ante
1848 2824 2008 2888 alias
2048 2847 2216 2914 quae
2259 2825 2392 2888 sola
2431 2825 2780 2900 Camillae,

1027 2948 1297 3024 Quicum
1344 2949 1572 3030 partiri
1615 2967 1838 3024 curas;
1881 2966 2083 3034 atque
2125 2943 2281 3008 haec
2323 2947 2418 3007 ita
2459 2941 2656 3007 fatur:

1030 3065 1390 3140 Hactenus,
1430 3067 1601 3128 Acca
1638 3087 1848 3140 soror,
1892 3065 2108 3150 potui:
2157 3085 2324 3126 nunc
2365 3061 2592 3126 vulnus
2619 3059 2912 3124 acerbum

930 3211 933 3214 ·
1030 3177 1339 3256 Conficit,
1378 3201 1441 3245 et
1484 3183 1766 3247 tenebris
1809 3186 2175 3273 nigrescunt
2219 3183 2431 3244 omnis
2469 3184 2741 3245 circum.

1034 3297 1299 3388 Effuge,
1340 3319 1404 3362 et
1448 3297 1603 3364 haec
1644 3305 1861 3364 Turno
1905 3301 2199 3365 mandata
2235 3302 2568 3363 novissima
2610 3294 2854 3385 perfer:

1033 3417 1346 3482 Succedat
1392 3441 1676 3508 pugnae,
1723 3423 2031 3482 Troianos
2075 3438 2292 3484 arceat
2330 3418 2508 3482 urbi.

1033 3541 1297 3624 Iamque
1338 3537 1501 3603 vale.
1566 3540 1767 3603 Simul
1805 3537 1906 3604 his
1949 3539 2142 3604 dictis
2185 3537 2514 3626 linquebat
2559 3533 2867 3611 habenas,

1032 3657 1130 3721 Ad
1172 3677 1400 3721 terram
1444 3681 1567 3721 non
1608 3679 1835 3745 sponte
1876 3658 2108 3723 fluens.
2162 3662 2320 3722 Tum
2363 3655 2606 3746 frigida
2641 3673 2774 3718 toto

1030 3776 1373 3840 Paullatim
1416 3778 1691 3842 exsolvit
1733 3802 1799 3841 se
1837 3800 2136 3864 corpore,
2179 3773 2482 3864 lentaque
2523 3772 2728 3849 colla,

958 3943 967 3950 .
1036 3897 1119 3957 Et
1168 3915 1427 3984 captum
1466 3897 1598 3962 leto
1638 3900 1852 3986 posuit
1893 3915 2125 3983 caput,
2165 3887 2414 3958 ¹¹¹arma
2451 3892 2848 3977 relinquens:
2877 3878 2924 3924 '¹‘
