3400 5175
954 577 1119 657 274
1579 566 2326 645 cArAssnc‘rA.

1883 700 2007 763 VI.

1046 798 1147 915 Si
1187 836 1343 905 mihi
1382 824 1983 926 susceptum'fuerit
2023 836 2358 902 decurrere
2401 861 2654 919 munus,

1146 964 1199 1024 Ο
1242 956 1529 1046 Paphon,
1570 980 1609 1021 o
1648 957 1826 1020 sedes
1863 978 2033 1045 quae
2071 956 2232 1021 colis
2269 958 2540 1037 Idalias,

1052 1084 1284 1146 Troius
1328 1084 1565 1143 Aeneae
1608 1080 1888 1141 Romana
1933 1098 2040 1163 per
2075 1074 2316 1164 oppida
2357 1076 2554 1168 digno

1150 1202 1281 1263 Iam
1326 1196 1577 1262 tandem
1620 1214 1689 1259 ut
1729 1213 1936 1260 tecum
1977 1196 2252 1258 carmine
2295 1214 2517 1259 vectus
2553 1212 2692 1275 eat;

1050 1320 1194 1382 Non
1232 1338 1351 1408 ego
1388 1334 1535 1379 ture
1576 1315 1798 1391 mod0,
1837 1332 1948 1377 aut
1989 1332 2176 1400 pacta
2219 1332 2328 1377 tua
2369 1314 2609 1401 templa
2649 1314 2890 1381 tabella

1146 1434 1434 1513 Ornabo,
1476 1454 1541 1498 et
1580 1436 1756 1522 puris
1795 1451 1960 1497 serta
1997 1430 2194 1495 feram
2239 1432 2563 1497 manibus:

1048 1556 1354 1645 Corniger
1398 1550 1507 1618 hos
1549 1556 1712 1616 aries
1758 1551 2062 1629 humiles,
2100 1571 2165 1616 et
2207 1555 2478 1617 maxima
2515 1571 2730 1617 taurus

1145 1675 1458 1751 Victima,
1500 1690 1750 1737 sacrato
1793 1675 2000 1763 tinget
2047 1668 2285 1735 honore
2325 1666 2535 1748 socom

1050 1798 1567 1883 Marmoreusque
1604 1790 1760 1869 tibi,
1803 1790 1949 1869 dea,
1989 1788 2484 1881 versicoloribus
2521 1790 2646 1854 alie

1156 1916 1231 1976 In
1274 1934 1497 1975 morem
1537 1914 1715 1999 picta
1755 1908 1952 1973 stabit
1993 1912 2185 1973 Amor
2226 1906 2559 1997 pharetra.

1051 2031 1275 2111 Adsis,
1312 2054 1349 2096 ο
1392 2026 1748 2120 Cytherea!
1792 2048 1942 2093 tuus
1983 2048 2048 2093 te
2089 2033 2314 2095 Caesar
2353 2031 2658 2121 Olymp0,

1152 2155 1231 2213 Et
1272 2152 1633 2215 Surrentini
1674 2150 1884 2213 litoris
1923 2170 2070 2227 ora,
2111 2168 2331 2213 vocat.

1855 2292 2031 2352 VII.

1056 2378 1185 2497 Ite
1226 2430 1411 2507 hinc,
1448 2434 1661 2493 inanes
1705 2427 2026 2497 rhetorum
2067 2429 2368 2515 manipli,
2413 2429 2504 2489 ite
2545 2426 2728 2503 hinc,

1052 2548 1281 2616 Inflata
1323 2571 1460 2614 rore
1500 2572 1623 2613 non
1664 2546 1949 2612 Achaico
1985 2548 2205 2626 turha,

1056 2677 1135 2735 Et
1174 2693 1315 2747 vos,
1359 2669 1684 2757 Stiloque,
1729 2672 2190 2756 Tarquitique,
2237 2673 2602 2754 varroque,

1054 2789 1589 2855 scholasticorum
1632 2789 1805 2849 nat-io
1848 2785 2098 2850 madens
2137 2790 2403 2876 pingui:

1052 2913 1151 2972 Ite
1190 2907 1372 2984 hine,
1416 2910 1671 2980 inanes,
1707 2901 2042 2992 cymbalon
2083 2907 2471 2967 iuventutis.

1050 3031 1313 3112 Tuque,
1349 3046 1388 3087 o
1429 3045 1704 3087 mearum
1741 3047 1930 3102 cura,
1969 3029 2193 3100 Sexte,
2239 3029 2598 3100 Musarum,

1052 3145 1213 3208 Vale
1252 3141 1509 3206 Sabine:
1550 3145 1671 3205 iam
1715 3143 1924 3207 valete
1963 3141 2252 3207 formosi.

1050 3267 1181 3329 Nos
1218 3261 1303 3326 ad
1346 3261 1558 3326 beatos
1600 3262 1743 3325 vela
1785 3265 2093 3325 mittimus
2133 3278 2386 3348 portus,

1052 3383 1275 3472 Magni
1314 3399 1599 3468 petentes
1638 3381 1828 3446 docta
1868 3381 2044 3446 dicta
2085 3385 2376 3470 Syronis,

1050 3503 1393 3588 vitamque
1434 3499 1517 3566 ab
1556 3503 1724 3566 omni
1765 3475 2460 3567 vindicabimuieura.

1046 3624 1150 3684 Ite
1192 3617 1375 3697 hinc,
1410 3621 1749 3697 Camenae,
1791 3643 1901 3684 vos
1941 3643 2200 3710 quoque
2242 3623 2332 3683 ite
2371 3620 2686 3696 lascivae3

1046 3737 1286 3804 Duleeu
1318 3733 1654 3804 Camenae!
1698 3762 1870 3816 nam,
1909 3737 2258 3805 fatebimur
2297 3761 2548 3813 verum,

1047 3856 1279 3920 Dulces
1318 3855 1566 3921 fuistis:
1604 3877 1667 3921 et
1713 3879 1916 3922 tamen
1958 3883 2120 3922 meas
2162 3857 2423 3920 chartas

1048 3975 1442 4056 Revieitote3
1482 3977 1587 4042 sed
1628 3977 1943 4066 pudenter
1983 3997 2046 4042 et
2087 3998 2259 4064 raro.
