3400 5175
810 694 1270 751 AENEIDOS
1336 698 1508 751 mn.
1572 700 1699 753 lx.
1842 680 2005 779 607
2138 708 2294 783 117

410 827 731 893 Debilitat
774 832 939 891 vires
979 830 1211 906 animi,
1254 848 1585 919 mutatque
1624 834 1938 923 vigorem.

409 952 719 1012 Canitiem
760 948 941 1038 galea
983 952 1357 1035 premimu83
1398 973 1770 1040 semperque
1811 972 2094 1019 recentes

408 1074 818 1155 comportare
860 1070 1043 1131 iuvat
1082 1067 1379 1155 praedati,
1424 1091 1487 1133 et
1527 1075 1750 1136 vivere
1791 1094 2004 1161 rapto.

416 1188 613 1253 Vobia
658 1192 837 1283 picta
872 1164 1059 1250 croco
1095 1206 1159 1249 et
1200 1185 1485 1278 fulgenti
1526 1196 1766 1263 murice
1806 1197 2034 1275 vesti83

410 1308 711 1371 Desidiae
752 1306 967 1385 cordi3
1010 1310 1191 1370 iuvat
1232 1308 1571 1399 indulgere
1614 1309 1896 1399 choreis:
2176 1397 2186 1406 ·

410 1400 489 1489 Et
528 1428 785 1487 tunicae
826 1428 1123 1503 manicas,
1164 1445 1227 1490 et
1268 1426 1505 1494 habent
1542 1429 1920 1495 redimicula
1955 1433 2212 1494 mitrae.

405 1550 457 1607 Ο
491 1566 639 1609 vere
680 1542 1031 1634 Phrygiae,
1072 1567 1281 1632 neque
1321 1550 1486 1611 enim
1528 1547 1852 1638 Phryges,
1894 1552 1986 1612 ite
2025 1571 2134 1636 per
2163 1549 2290 1611 alta

407 1664 764 1752 Dindyma;
806 1660 919 1727 ubi
961 1662 1241 1727 adsuetis
1280 1662 1552 1729 biforem
1589 1665 1701 1730 dat
1749 1666 1912 1731 tibia
1954 1688 2244 1733 cantum.

411 1788 747 1871 Tympana
788 1804 901 1847 voa
944 1780 1287 1871 buxusque
1325 1804 1558 1847 vocant
1602 1789 1985 1875 Berecyntia
2026 1793 2254 1852 Matris

424 1902 687 1965 Idaeae.
728 1902 935 1965 Sinite
968 1923 1137 1966 arma
1174 1904 1365 1979 viris,
1408 1920 1471 1965 et
1512 1902 1726 1969 cedite
1765 1902 1970 1971 ferro.

509 2021 700 2084 Talia
742 2023 1082 2085 iactantem
1126 2020 1353 2098 dictis,
1396 2044 1469 2085 ac
1512 2021 1651 2087 dira
1694 2043 2053 2104 canentem,

414 2140 551 2201 Non
591 2138 747 2201 tulit
790 2140 1137 2218 Ascanius;
1180 2162 1505 2228 nervoque
1556 2140 1860 2207 obversus
1899 2147 2140 2232 equino

424 2258 709 2323 Intendit
744 2259 981 2337 telum,
1023 2258 1410 2350 diversaque
1451 2256 1716 2323 brachia
1757 2259 1990 2325 ducens

421 2381 762 2456 Constitit,
804 2396 951 2442 ante
992 2382 1205 2443 Iovem
1245 2379 1515 2465 supplex
1556 2400 1665 2465 per
1707 2398 1856 2443 vota
1901 2399 2225 2468 precatus:

426 2501 715 2587 Iuppiter
756 2501 1189 2585 omnipotens,
1229 2497 1587 2564 audacibus
1624 2498 1836 2560 adnue
1877 2504 2154 2588 coeptis.

426 2620 567 2706 Ipse
610 2617 739 2683 tibi
782 2617 864 2682 ad
904 2637 1015 2681 tua
1058 2620 1295 2707 templa
1336 2617 1529 2682 feram
1568 2619 1899 2682 sollemnia
1940 2619 2138 2698 dona,

426 2741 504 2800 Et
540 2757 821 2800 statuam
862 2756 1011 2800 ante
1052 2761 1191 2800 aras
1231 2756 1455 2800 aurata
1496 2733 1708 2799 fronte
1746 2741 2107 2800 iuvencum‘

421 2857 842 2934 Gaudentem,
884 2860 1257 2944 pariterque
1297 2873 1489 2941 caput
1532 2875 1671 2918 cum
1721 2873 1917 2918 matre
1955 2852 2297 2921 ferentem.

434 2977 695 3055 Audiit,
735 2995 799 3040 et
838 2977 1001 3043 caeli
1044 2979 1313 3040 Genitor
1348 2974 1428 3040 de
1470 2992 1647 3062 parte
1675 2997 1895 3039 serena

427 3098 716 3161 Intonuit
757 3095 1043 3160 laevum:
1080 3113 1261 3158 conat
1300 3117 1427 3156 una
1466 3089 1687 3157 fatifer
1726 3115 1942 3170 arcun

424 3217 499 3280 Et
538 3213 713 3307 fugit
758 3213 1135 3280 horrendum
1176 3212 1449 3278 stridens
1491 3213 1778 3278 adducta
1815 3219 2088 3308 sagitta,

426 3337 666 3424 Perque
703 3353 901 3421 caput
946 3334 1198 3398 Remuli
1230 3337 1444 3412 venit,
1485 3352 1549 3397 et
1592 3357 1752 3398 cava
1791 3355 2076 3423 tempora
2117 3333 2284 3402 ferro

417 3457 729 3519 Traiicit.
773 3458 837 3530 1,
878 3453 1089 3519 verbis
1129 3456 1431 3520 virtutem
1476 3453 1681 3518 illude
1723 3456 2042 3542 superbis.

422 3576 525 3637 Bi·
560 3577 739 3664 capti
782 3573 1071 3665 Phryges
1108 3569 1268 3636 haec
1307 3574 1567 3637 Rutulis
1604 3596 1898 3660 responsa
1941 3593 2274 3638 remittunt
2304 3620 2320 3637 .

425 3697 557 3758 Hoc
600 3713 849 3758 tantum
892 3697 1230 3758 Ascanius.
1268 3696 1503 3758 Teucri
1538 3693 1810 3757 clamore.
1845 3714 2235 3780 sequuntur,

426 3815 835 3900 Laetitiaque
877 3811 1185 3891 fremunt,
1230 3818 1601 3902 animosque
1643 3812 1723 3877 ad
1759 3812 1970 3876 sidera
2011 3813 2285 3877 tollunt.

422 3933 734 4000 Aetheria
774 3952 905 3998 tum
946 3932 1111 4000 forte
1156 3935 1345 4026 plaga
1385 3937 1657 3997 crinitus
1700 3931 1934 4016 Apollo

428 4053 713 4154 Desuper
760 4057 1064 4119 Ausonias
1104 4058 1273 4118 acies
1312 4051 1660 4139 urbemque
1705 4048 1961 4116 videbat
1985 4097 2002 4131 ,
