3400 5175
991 621 1101 707 44
1575 629 2236 685 P.V1RGIL11
2492 609 2644 713 187

1091 764 1232 847 Ipse
1275 762 1594 841 Quirinali
1639 762 1810 824 lituo
1852 780 2179 847 parvaque
2220 758 2481 824 sedebat

1093 882 1468 943 Succinctus
1511 879 1759 956 trabea,
1803 879 2117 966 laevaque
2156 880 2365 943 ancile
2410 880 2670 970 gerebat

1095 1002 1314 1075 Picus,
1343 996 1574 1086 equfim
1613 999 1918 1062 domitor:
1952 1020 2137 1085 quem
2166 1016 2353 1084 capta
2376 1000 2683 1085 cupidine
2713 1004 2951 1063 coniux
2972 1050 2993 1077 ,

1097 1124 1308 1181 Aurea
1352 1140 1719 1204 percussum
1766 1121 1985 1207 virga,
2030 1140 2403 1204 versumque
2446 1122 2741 1195 venenis,

1101 1242 1280 1301 Fecit
1327 1262 1508 1301 avem
1549 1240 1765 1311 Circe,
1802 1240 2163 1325 sparsitque
2206 1238 2531 1301 coloribus
2574 1239 2740 1301 alaS.

1105 1359 1251 1421 Tali
1289 1360 1462 1421 intus
1501 1358 1739 1443 templo
1780 1350 1995 1419 divfim
2040 1361 2381 1444 patriaque
2422 1362 2687 1422 Latinus

1095 1477 1254 1541 Sede
1295 1476 1514 1541 sedens
1553 1482 1835 1540 Teucros
1870 1476 1946 1539 ad
1990 1499 2119 1539 sese
2163 1480 2226 1540 in
2270 1494 2437 1540 tecta
2474 1482 2773 1553 vocavit3

1095 1600 1306 1685 Atque
1351 1595 1507 1661 haec
1549 1600 1848 1687 ingressis
1890 1596 2148 1682 placido
2190 1599 2367 1683 prior
2406 1596 2613 1660 edidit
2654 1620 2795 1660 ore:

1185 1719 1400 1781 Dicite
1423 1716 1871 1789 Dardanidae;
1906 1719 2295 1803 nequeenim
2327 1719 2638 1779 nescimus
2666 1738 2728 1782 et
2758 1717 2985 1782 urbem

1087 1838 1170 1897 Et
1215 1858 1440 1926 genus,
1482 1834 1822 1922 auditique
1859 1835 2199 1899 advertitis
2240 1858 2513 1923 aequore
2552 1857 2844 1912 cursum;

1089 1956 1256 2038 Quid
1301 1950 1568 2043 petitis?
1609 1979 1773 2043 quae
1812 1979 2027 2019 caussa
2068 1976 2271 2033 rates,
2316 1976 2424 2018 aut
2467 1959 2649 2019 cuius
2690 1976 2953 2047 egentes

1089 2078 1270 2141 Litus
1309 2074 1392 2139 ad
1431 2079 1778 2139 Ausonium
1821 2095 1920 2139 tot
1962 2098 2073 2162 per
2116 2076 2279 2141 vada
2318 2073 2578 2138 caerula
2618 2068 2845 2139 vexit?

1093 2200 1240 2260 Sive
1279 2218 1490 2261 errore
1529 2202 1705 2274 viae,
1742 2220 1849 2259 seu
1896 2194 2387 2281 tempestatibus
2429 2198 2557 2259 acti

1039 2316 1314 2405 (Qualia
1357 2317 1552 2381 multa
1597 2320 1747 2379 mari
1792 2335 2019 2379 nautae
2063 2318 2397 2401 patiuntur
2441 2312 2507 2377 in
2549 2310 2763 2393 alto),

1089 2434 1402 2499 Fluminis
1446 2438 1734 2500 intrastis
1774 2438 1974 2521 ripas,
2016 2454 2337 2521 portuque
2375 2433 2642 2511 sedetis3
2726 2474 2731 2477 -

1095 2558 1190 2618 Ne
1233 2551 1446 2644 fugite
1487 2553 1865 2641 hospitium,
1912 2576 2067 2617 neve
2110 2556 2402 2644 ignorate
2446 2558 2705 2620 Latinos

1089 2679 1346 2738 Saturni
1389 2697 1677 2767 gentem,
1720 2674 1889 2739 haud
1937 2675 2153 2736 vinclo
2196 2697 2307 2737 nec
2352 2675 2605 2765 legibus
2644 2697 2943 2762 aequam,

1089 2801 1325 2882 Sponte
1365 2817 1478 2860 sua
1515 2799 1881 2883 veterisque
1920 2793 2024 2856 dei
2068 2817 2132 2856 se
2176 2817 2341 2856 more
2388 2813 2735 2860 tenentem.

1085 2922 1306 3006 Atque
1345 2917 1642 3004 equidem
1689 2919 1941 2978 memini
1986 2911 2200 3000 (fama
2243 2935 2339 2979 est
2389 2914 2720 2980 obscurior
2758 2909 2986 3004 annis)

1085 3039 1420 3097 Auruncos
1462 3037 1554 3096 ita
1602 3031 1769 3096 ferre
1812 3057 2023 3110 senes,
2066 3033 2163 3098 his
2203 3053 2381 3098 ortus
2420 3056 2490 3098 ut
2530 3038 2703 3126 agris

1086 3154 1423 3218 Dardanus
1463 3155 1685 3218 Idaeas
1730 3153 2041 3245 Phrygiae
2084 3160 2447 3240 penetravit
2494 3155 2572 3218 ad
2614 3153 2836 3231 urbes,

1083 3271 1585 3358 Threiciamque
1601 3277 1849 3336 Samum
1873 3321 1889 3348 ‚
1918 3296 2260 3360 quaenunc
2284 3273 2722 3339 Samothracia
2740 3273 2945 3339 fertur
2962 3321 2979 3336 .

1093 3395 1262 3455 Hinc
1303 3393 1485 3455 illum
1529 3391 1806 3481 Corythi
1850 3393 2183 3481 Tyrrhena
2224 3392 2303 3457 ab
2343 3393 2489 3458 sede
2526 3391 2883 3481 profectum

1083 3516 1290 3576 Aurea
1337 3533 1500 3575 nunc
1541 3513 1705 3576 solio
1746 3512 2071 3576 stellantis
2111 3517 2291 3604 regia
2336 3515 2503 3581 caeli

1087 3635 1389 3718 Accipit,
1429 3651 1489 3696 et
1533 3657 1857 3697 numerum
1900 3635 2192 3697 divorum
2237 3635 2547 3698 altaribus
2584 3633 2795 3698 addit.

1183 3755 1492 3815 Dixerat:
1539 3772 1602 3816 et
1644 3753 1819 3816 dicta
1864 3753 2152 3818 Ilioneus
2190 3757 2281 3819 sic
2321 3777 2479 3819 voce
2510 3772 2854 3841 sequutus:

1084 3873 1256 3948 Rex,
1294 3895 1494 3961 genus
1536 3876 1864 3962 egregium
1910 3877 2143 3948 Fauni,
2186 3897 2299 3937 nec
2338 3871 2643 3940 fluctibus
2682 3891 2858 3937 actos

1089 3995 1248 4055 Atra
1287 3991 1546 4083 subegit
1587 3991 1789 4056 hiems
1827 3997 2065 4057 vestris
2107 3992 2449 4059 succedere
2488 3991 2708 4068 terris,
