3400 5175
772 618 1804 745 CATALECTA.'

943 864 1562 911 Μ

1254 1138 1312 1198 Ῑ.

365 1286 703 1446 'Delia‚
746 1372 999 1447 Tucca,
1039 1368 1164 1435 tibi
1200 1369 1413 1433 venit:
1460 1366 1615 1447 Sed,
1656 1370 1834 1447 Seie,
1869 1368 2092 1433 videre

478 1493 621 1555 Non
660 1489 848 1552 licet:
891 1490 1231 1559 Occulitur
1273 1488 1497 1553 limine
1534 1488 1748 1551 clausu
1791 1491 1948 1551 viri.
2069 1494 2072 1499 ’

376 1610 604 1687 Delia,
632 1610 809 1685 Seie,
853 1606 1013 1686 tibi,
1056 1632 1179 1673 uon
1218 1610 1399 1673 venit
1441 1604 1651 1671 adhuc
1696 1605 1882 1669 mihiz
1930 1629 2237 1696 namque,

476 1730 545 1791 Si
585 1725 945 1804 occulitur,
988 1727 1177 1819 louge
1217 1744 1347 1805 est,
1390 1725 1652 1817 tangere
1692 1726 1868 1815 quod
1907 1732 2221 1817 nequeas.

382 1844 635 1913 Veneiit
680 1844 801 1909 illa
844 1844 999 1911 tibi:
1046 1846 1155 1911 sed
1195 1848 1319 1911 ium
1360 1851 1483 1911 iam
1524 1843 1683 1910 mihi
1727 1850 1993 1911 nuntius
2029 1851 2153 1913 iste

480 1964 650 2049 Quid
690 1958 991 2053 prodest?
1028 1964 1132 2030 illi
1172 1965 1411 2044 dicito,
1448 1970 1557 2031 cui
1599 1966 1832 2031 rediit.

1225 2190 1332 2267 11.
1394 2239 1403 2247 -

385 2383 913 2501 Corinthiorum
952 2452 1193 2502 amator
1234 2440 1356 2500 iste
1394 2436 1766 2518 verborum,

386 2558 519 2648 Iste
560 2556 679 2618 iste
720 2552 1283 2646 rhetor!,namque
1324 2570 1638 2646 quatenus
1677 2576 1856 2622 totus

388 2670 811 2762 Thucydides
850 2679 1222 2754 Britannus,
1267 2678 1497 2742 Attice·
1522 2674 1722 2741 febris
1741 2722 1759 2751 ,

387 2793 562 2854 'mv
606 2793 961 2873 Gallicum,
999 2799 1199 2872 mm,
1242 2799 1401 2872 stt,
1441 2813 1505 2858 et
1552 2799 1655 2857 AL
1699 2793 1860 2900 {nale
1901 2761 2148 2868 illisit,
2189 2783 2198 2794 “

392 2913 527 2974 Ista
565 2913 809 2990 omnia,
848 2917 973 2978 ista
1010 2913 1206 2980 verba
1246 2916 1502 2978 miscuit
1545 2911 1768 2979 fratri.

1206 3135 1353 3211 111.

394 3331 617 3446 Socer
658 3380 843 3448 beate
880 3405 995 3446 nec
1036 3381 1158 3449 tibi
1200 3405 1315 3449 uec
1357 3384 1579 3472 alteri,

400 3505 734 3590 Generque
772 3503 1131 3581 Noctuine,
1171 3503 1467 3589 putidum
1506 3519 1742 3588 caput,

397 3623 619 3684 Tuone
658 3643 824 3685 nunc
868 3620 1084 3708 puella
1121 3621 1305 3698 talis,
1344 3619 1469 3686 heu
1515 3641 1629 3686 tuo

400 3743 675 3826 Stupore
715 3762 929 3826 pressa
968 3763 1073 3804 rus
1113 3735 1365 3806 abibit?
1416 3743 1537 3804 Hei
1580 3734 1768 3804 mihi!

399 3862 483 3920 Vt
522 3857 637 3924 ille
677 3880 893 3922 versus
932 3881 1397 3948 usquequaque
1434 3863 1768 3924 convenit:

304 4023 349 4055 „
398 3980 639 4055 Gener,
681 3999 987 4068 socerque
1027 3979 1397 4069 perdidistis
1434 3979 1671 4042 omnin.
