3400 5175
1077 636 1816 693 CATALECTA.

1338 889 1552 950 VIII.

550 1073 851 1189 Sabinus
892 1121 1047 1199 ille,
1088 1143 1276 1209 quem
1310 1119 1549 1185 videtis
1590 1117 1903 1209 hospites,

556 1248 664 1307 Ait
706 1239 903 1306 fuisse
945 1240 1137 1304 mulio
1178 1226 1586 1317 celerrimus}

554 1366 781 1451 Neque
823 1359 1022 1424 ullius
1064 1359 1346 1424 volantis
1386 1362 1689 1444 impetum
1735 1358 1855 1422 cisi

554 1484 861 1569 Nequiase
904 1482 1284 1566 praeterire:
1327 1479 1462 1543 sive
1498 1480 1829 1541 Mantuam

559 1605 730 1686 Opus
765 1595 929 1662 foret
968 1598 1218 1675 volare,
1262 1600 1395 1660 aive
1435 1599 1750 1660 Brixiam.

560 1724 642 1782 Et
680 1717 801 1781 hoc
844 1735 1030 1807 negat
1068 1714 1437 1805 Tryphonis
1474 1715 1707 1778 aemuli
1747 1712 1997 1779 domum

556 1840 809 1927 Negare
848 1833 1158 1911 nobilem,
1200 1834 1553 1898 insulamve
1590 1834 1884 1898 Caeruli:

559 1955 687 2020 ‘vbi
731 1958 881 2031 iste,
922 1970 1063 2040 post
1103 1951 1403 2030 Sabinus,
1446 1971 1593 2016 ante
1630 1955 1966 2033 Quinctio,

560 2074 825 2139 Bidente
861 2072 1025 2137 dicit
1067 2071 1419 2136 attondisse
1455 2066 1700 2158 forcipe

562 2196 820 2255 Comata
859 2189 1065 2269 colla,
1096 2212 1305 2277 nequa
1342 2189 1706 2269 sordidum,
1745 2192 1900 2280 iugo

561 2314 919 2387 Premente,
958 2308 1122 2373 dura
1164 2309 1395 2374 vulnus
1431 2310 1644 2374 ederet
1686 2308 1880 2372 iuba.

564 2433 871 2494 Cremona
908 2424 1191 2519 frigida,
1230 2448 1292 2492 et
1332 2429 1537 2493 lutosa
1581 2427 1836 2505 Gallia,

565 2546 716 2614 Tibi
756 2546 913 2611 haec
954 2544 1149 2611 fuisse
1190 2564 1252 2610 et
1296 2570 1427 2612 esse
1466 2550 1906 2638 cognitissima

562 2670 677 2730 Ait
714 2665 1020 2745 Sabinus;
1062 2666 1290 2730 ultima
1330 2689 1409 2730 ex
1446 2667 1695 2754 origine

568 2788 707 2850 Tua
742 2786 993 2849 stetisse
1029 2783 1191 2848 dicit
1230 2787 1295 2847 in
1335 2785 1674 2874 voragine,

567 2905 709 2966 Tua
744 2905 810 2964 in
851 2901 1087 2988 palude
1126 2900 1441 2988 deposisae
1475 2902 1786 2978 sarcina83

568 3025 649 3084 Et
690 3019 838 3085 inde
882 3035 975 3082 tot
1017 3041 1131 3106 per
1166 3019 1450 3084 orbitoaa
1494 3019 1697 3084 millia

572 3141 805 3228 Iugum
846 3137 1100 3215 tulisse,
1143 3138 1362 3217 laeva,
1399 3142 1534 3203 sive
1572 3139 1834 3203 dextera

570 3261 855 3347 Strigare
894 3257 1101 3335 mula,
1142 3259 1277 3323 eive
1312 3278 1624 3348 utraeque
1660 3277 2030 3347 coeperant.

570 3380 794 3466 Neque
833 3376 967 3440 ulla
1009 3394 1163 3441 vota
1202 3377 1605 3442 semitalibue
1646 3375 1782 3442 deis

572 3494 708 3559 Sibi
748 3515 878 3557 esse
918 3491 1125 3572 facta,
1164 3515 1417 3580 praeter
1456 3494 1577 3562 hoe
1620 3501 2057 3574 novissimum,

570 3615 841 3678 Paterna
878 3613 1052 3689 lora,
1094 3613 1497 3704 buxeumque
1538 3619 1891 3703 pectinem.

570 3731 693 3797 Sed
734 3729 890 3796 haec
934 3733 1109 3818 prius
1146 3729 1354 3812 fuere,
1393 3758 1558 3800 nunc
1597 3736 1872 3800 eburnea
2001 3727 2004 3730 ⁴

572 3849 897 3938 Sedetque
940 3851 1117 3929 sede,
1157 3875 1352 3941 neque
1390 3852 1645 3919 dedicat
1687 3853 1808 3918 tibi
1833 3899 1851 3928 ‚

573 3968 854 4032 Gemelle
893 3971 1147 4050 Castor,
1187 3988 1250 4035 et
1297 3973 1579 4038 Gemelle
1618 3972 1928 4036 Castoris.

2271 618 2428 723 275
