3400 5175
850 630 1315 687 Anxurnos
1378 630 1553 685 mn.
1616 632 1745 685 rx.
1905 609 2062 687 215
2197 613 2344 687 103

459 766 907 853 Persequitur,
953 766 1167 852 magni
1212 786 1323 827 nec
1372 766 1615 827 moenia
1655 782 1835 827 curat
1881 768 2170 828 Acestae.

458 886 583 949 Ille
624 902 867 947 autem:
908 886 1173 946 Gaussas
1218 884 1651 971 nequidquam
1694 887 1894 947 nectis
1935 888 2185 964 inaneS,

462 1008 593 1068 Nec
632 1024 765 1065 mea
808 1005 931 1065 iam
972 1019 1216 1065 mutata
1258 1002 1399 1067 loco
1440 990 2008 1068 sentent‘ia·cedit.

466 1122 940 1198 Acceleremus,
984 1124 1108 1184 ait:
1140 1121 1373 1211 vigiles
1414 1121 1601 1185 simul
1638 1124 1917 1185 excitat.
1961 1123 2070 1185 Illi

466 1241 867 1319 Succedunt,
908 1258 1291 1330 servantque
1329 1244 1533 1305 vices:
1574 1246 1850 1305 statione
1891 1243 2122 1306 relicta

470 1364 615 1447 Ipse
654 1382 861 1423 comes
902 1362 1057 1423 Niso
1099 1360 1433 1451 graditur,
1476 1382 1820 1451 regemque
1857 1366 2225 1449 requirunt.

560 1480 791 1541 Cetera
833 1500 946 1563 per
986 1495 1181 1541 terras
1222 1502 1433 1542 omnes
1472 1480 1770 1542 animalia
1809 1503 2023 1543 somno

470 1596 789 1659 Laxabant
831 1618 1048 1674 curas,
1089 1616 1153 1659 et
1190 1598 1385 1662 corda
1426 1598 1629 1663 oblita
1659 1598 1980 1663 laborum:

470 1720 780 1781 Ductores
820 1715 1127 1781 Teucrum
1175 1722 1396 1805 primi,
1440 1718 1691 1783 delecta
1733 1722 2066 1795 iuventus,

471 1837 818 1899 Consilium
859 1841 1115 1900 summis
1156 1841 1336 1927 regni
1379 1838 1457 1901 de
1497 1836 1681 1903 rebus
1719 1838 2069 1915 habebant3

472 1953 635 2034 Quid
677 1952 996 2033 facerent,
1037 1959 1264 2043 quisve
1310 1962 1556 2022 Aeneae
1599 1962 1719 2022 iam
1766 1962 2026 2022 nuntius
2067 1977 2262 2023 esset:

470 2080 649 2137 Stant
694 2076 905 2165 longis
944 2075 1165 2139 adnixi
1210 2076 1443 2155 hastis,
1488 2097 1551 2142 et
1594 2096 1775 2141 scuta
1815 2095 2138 2157 tenentes,

469 2198 837 2259 Castrorum
879 2215 943 2259 et
984 2200 1191 2285 campi
1232 2196 1473 2261 medi0.
1511 2200 1668 2259 Tum
1715 2198 1902 2259 Nisus
1940 2217 2003 2260 et
2045 2220 2172 2261 una

466 2317 795 2407 Euryalus
834 2314 1171 2382 confestim
1209 2318 1450 2381 alacres
1491 2315 1816 2379 admittier
1852 2336 2068 2381 orant:

468 2438 622 2500 Rem
668 2460 991 2528 magnam,
1035 2442 1443 2525 pretiumque
1474 2458 1677 2498 morae
1715 2432 1880 2499 fore.
1913 2438 2157 2498 Primus
2187 2435 2364 2497 Iulus

474 2560 743 2645 Accepit
788 2556 1103 2644 trepidos,
1139 2581 1209 2622 ac
1252 2560 1474 2621 Nisum
1516 2554 1730 2620 dicere
1767 2557 1990 2618 iussit.

470 2683 631 2742 Tum
673 2680 765 2740 sic
810 2677 1223 2764 Hyrtacides:
1264 2677 1503 2741 Audite
1542 2697 1579 2738 o
1624 2674 1940 2738 mentibus
1979 2675 2234 2758 aequis,

472 2797 849 2874 Aeneadae3
896 2820 1053 2861 neve
1094 2797 1248 2862 haec
1296 2797 1525 2860 nostris
1566 2811 1938 2880 spectentur
1978 2789 2059 2853 ab
2097 2791 2310 2866 anniS,

472 2921 646 3000 Quae
690 2913 988 2980 ferimus·
1030 2919 1264 2981 Rutuli
1306 2937 1520 2980 somno
1563 2921 1844 3000 vinoque
1880 2911 2078 2974 soluti

474 3039 885 3102 Conticuere:
926 3036 1130 3100 locum
1177 3036 1430 3100 insidiis
1472 3036 1912 3120 conspeximus
1950 3034 2106 3118 ipsi,

478 3159 597 3236 Qui
640 3171 821 3243 patet
862 3157 925 3218 in
968 3153 1146 3220 bivio
1188 3175 1446 3241 portae,
1487 3177 1655 3243 quae
1696 3156 1984 3240 proxima
2031 3169 2250 3239 ponto:

478 3275 834 3361 Interrupti
878 3277 1091 3364 ignes,
1135 3294 1402 3361 aterque
1444 3275 1521 3338 ad
1560 3274 1766 3338 sidera
1809 3271 2020 3337 fumus

482 3397 807 3485 Erigitur:
844 3396 899 3456 si
939 3398 1227 3457 Fortuna
1264 3398 1641 3481 permittitis
1682 3397 1823 3472 uti3

479 3517 849 3594 Quaesitum
896 3520 1147 3578 Aenean
1190 3515 1269 3578 ad
1314 3519 1556 3579 moenia
1594 3516 1954 3589 Pallantea,

484 3637 635 3698 Mox
682 3633 793 3698 hic
836 3657 979 3698 cum
1020 3634 1278 3720 spoliis,
1320 3638 1571 3725 ingenti
1614 3633 1812 3696 caede
1851 3647 2144 3718 peracta,

494 3749 725 3818 Adfore
766 3757 1078 3816 cernetis.
1124 3757 1255 3817 Nec
1296 3777 1407 3816 nos
1448 3757 1552 3816 via
1598 3750 1768 3816 fallit
1811 3771 2061 3812 euntes:
2123 3765 2132 3774 ·

488 3872 777 3937 Vidimus
816 3871 1107 3938 obscuris
1148 3877 1411 3960 primam
1454 3871 1573 3936 sub
1616 3870 1895 3935 vallibus
1936 3865 2196 3942 urbem,

492 3991 738 4058 venatu
781 3991 1085 4072 adsiduo,
1126 4013 1187 4057 et
1234 4013 1435 4057 totum
1481 3993 1894 4082 cognovimus
1937 4009 2212 4052 amnem.
