3400 5175
999 594 1154 649 110
1634 574 1709 627 P.
1803 554 2344 622 vrucrnrr
2578 540 2732 627 411

1088 720 1389 789 Volvitur
1430 710 1541 775 ille
1585 723 1841 771 vomens
1878 692 2158 762 calidum
2193 687 2274 752 de
2316 698 2576 772 pectore
2617 675 2846 741 {lumen

1090 834 1427 929 Frigidus,
1468 848 1531 891 et
1575 826 1786 913 longis
1826 810 2222 907 singultibus
2263 806 2381 870 ilia
2423 800 2672 889 pulsat.

1092 958 1351 1026 ‘Diversi
1390 944 1945 1031 circumspiciunt.
1983 937 2120 997 Hoc
2165 930 2370 992 acrior
2413 920 2577 985 idem

1095 1084 1265 1144 Ecce
1308 1069 1489 1137 aliud
1528 1084 1768 1129 summa
1808 1056 2000 1121 telum
2043 1046 2317 1115 librabat
2359 1042 2440 1107 ab
2482 1055 2674 1111 aure3

1102 1204 1271 1265 Dum
1314 1188 1633 1279 trepidant
1653 1232 1669 1261 ,
1711 1185 1789 1245 iit
1817 1178 1994 1243 hasta
2019 1176 2195 1260 Tago
2223 1187 2334 1253 per
2371 1178 2622 1245 tempus
2651 1170 2994 1237 utrumque

1102 1316 1421 1389 Stridens,
1467 1310 1874 1389 traiectoque
1911 1294 2121 1361 haesit
2160 1279 2486 1372 tepefacta
2528 1272 2820 1341 cerebro:

1104 1438 1321 1503 Saevit
1362 1449 1543 1494 atrox
1584 1394 1935 1492 Volscens.
1963 1434 2076 1477 nec
2118 1406 2234 1471 teli
2277 1399 2590 1485 conspicit
2633 1410 2896 1477 usquam

1105 1560 1482 1626 Auctorem,
1522 1568 1635 1609 nec
1674 1564 1806 1629 quo
1847 1559 1911 1600 se
1955 1532 2179 1597 ardens
2221 1523 2567 1588 immittere
2609 1513 2842 1599 possit.

1109 1680 1211 1739 Tu
1254 1691 1463 1734 tamen
1505 1670 1752 1728 interea
1791 1653 2006 1723 calido
2045 1645 2202 1716 mihi
2240 1640 2550 1730 sauguine
2591 1650 2828 1720 poenas

1112 1791 1441 1857 Persolves
1480 1782 1838 1855 amborum,
1880 1774 2130 1861 inquitt
2177 1762 2366 1829 simul
2401 1778 2551 1821 ense
2587 1749 2832 1816 recluso

1110 1910 1257 1977 Ibat
1299 1912 1365 1970 in
1408 1901 1794 1991 Euryalum.
1835 1900 1998 1961 Tum
2037 1910 2188 1955 vero
2225 1881 2612 1951 exterritus,
2661 1890 2871 1934 amens

1114 2028 1481 2093 Conclamat
1525 2023 1762 2097 Nisus;
1804 2038 1919 2081 nec
1957 2036 2020 2078 se
2061 2008 2273 2075 celare
2315 1996 2594 2065 tenebris

1026 2132 1033 2141 ¹
1118 2146 1443 2234 Amplius,
1486 2160 1599 2205 aut
1643 2155 1894 2200 tantum
1939 2131 2153 2219 potuit
2189 2118 2474 2212 perferre
2500 2110 2814 2177 dolorem:

1120 2274 1261 2345 Me,
1304 2287 1431 2342 me,
1470 2255 1748 2349 (adsum
1787 2256 1903 2344 qui
1927 2246 2108 2337 feci)
2139 2250 2204 2309 in
2233 2234 2712 2333 meqconvertite
2741 2224 2974 2291 ferrum
2995 2268 3013 2297 ,

1122 2392 1174 2450 Ο
1218 2382 1482 2448 Rutuli.
1527 2384 1673 2443 Mea
1717 2373 1886 2441 fraus
1926 2370 2157 2436 omnis:
2205 2362 2368 2427 nihil
2407 2362 2531 2421 iste
2569 2372 2684 2416 nec
2725 2366 2947 2419 ausus,

1121 2510 1257 2573 Nec
1295 2508 1540 2593 potuit:
1579 2497 1824 2563 caelum
1865 2492 1988 2557 hoc
2031 2507 2096 2555 et
2136 2484 2392 2552 conscia
2427 2475 2636 2540 sidera
2661 2488 2897 2533 testor.

1126 2631 1407 2692 Tantum
1450 2617 1779 2685 infelicem
1822 2615 2084 2678 nimium
2124 2607 2359 2671 dilexit
2399 2599 2707 2662 amicum.

1138 2746 1335 2810 Talia
1375 2741 1557 2806 dicta
1594 2736 1829 2802 dabat:
1873 2731 1980 2797 sed
2021 2725 2270 2794 viribus
2309 2721 2472 2794 ensis
2511 2713 2772 2778 adactus

1130 2863 1505 2934 Transabiit
1542 2877 1781 2934 costas,
1834 2871 1898 2918 et
1941 2845 2220 2915 candida
2265 2856 2526 2930 pectora
2565 2831 2838 2916 rumpit.

1134 2986 1442 3050 ‘Volvitur
1484 2976 1808 3065 Euryalus
1844 2974 2012 3048 leto,
2064 2963 2488 3056 pulchrosque
2529 2977 2640 3042 per
2683 2966 2858 3013 artus

1140 3109 1203 3168 It
1248 3123 1466 3176 cruor,
1506 3106 1701 3184 inque
1745 3093 2039 3156 humeros
2078 3087 2300 3151 cervix
2343 3064 2622 3161 collapsa
2661 3061 2975 3134 recumbit
2999 3103 3014 3118 .

1140 3228 1510 3308 Purpureus
1548 3216 1758 3278 veluti
1799 3235 1996 3300 quum
2038 3206 2151 3271 flos
2192 3203 2482 3268 succisus
2523 3211 2730 3258 aratro

1134 3340 1533 3432 'Languescit
1575 3338 1881 3411 moriens;
1922 3297 2167 3396 lassove
2210 3340 2528 3412 papavera
2569 3311 2737 3377 collo

1142 3463 1468 3527 Demisere
1508 3475 1736 3541 caput,
1775 3454 2000 3540 pluvia
2044 3469 2242 3538 quum
2285 3439 2453 3506 forte
2497 3445 2878 3528 gravantur.

1148 3589 1235 3646 At
1278 3583 1469 3644 Nisus
1508 3579 1640 3641 ruit
1680 3579 1746 3638 in
1791 3572 2061 3648 medios,
2103 3566 2438 3650 solumque
2479 3577 2591 3643 per
2632 3569 2844 3615 omnes

1144 3702 1547 3767 Volscentem
1588 3699 1794 3784 petit3
1837 3697 1904 3758 in
1941 3691 2076 3756 solo
2117 3685 2455 3750 Volscente
2495 3688 2817 3740 moratur.

1150 3827 1349 3903 Quem
1366 3824 1604 3885 circum
1624 3813 1960 3907 glomerati
1975 3807 2188 3873 hostes
2205 3853 2220 3882 ,
2233 3802 2383 3869 hinc
2399 3798 2748 3865 comminus
2764 3805 2959 3876 atque
2975 3779 3130 3848 hinc

1151 3938 1579 4004 Proturbant.
1622 3939 1830 3998 Instat
1866 3953 1989 3993 non
2027 3931 2268 4005 secius,
2309 3947 2380 3988 ac
2423 3935 2594 3984 rotat
2635 3933 2846 3979 ensem
