3400 5175
1099 611 1166 697 P
1185 608 1267 697 V
1287 612 1448 698 BL
1467 611 1568 697 II

621 870 1239 971 VIRGILII
1359 860 2029 968 MARONIS

953 1148 1682 1230 AENEIDOS

775 1418 1148 1489 LIBER
1243 1412 1876 1486 SEPTIMVS.

985 1667 1649 1715 mm

439 1902 601 2049 Tu
640 2002 902 2067 quoque
941 1976 1248 2043 litoribus
1283 1980 1544 2050 nostris,
1589 1980 1829 2040 Aeneia
1872 1984 2129 2056 nutrix,

437 2106 771 2165 Aeternam
815 2100 1082 2161 moriens
1119 2092 1382 2171 famam,
1425 2098 1643 2158 Caieta
1668 2143 1685 2174 ,
1726 2095 1997 2160 dedistit

437 2224 513 2283 Et
549 2204 970 2285 nunc-servat
1012 2215 1208 2280 honos
1246 2213 1454 2277 sedem
1501 2232 1677 2290 tuus,
1712 2236 1977 2302 ossaque
2014 2238 2237 2280 nomen

441 2340 744 2425 Hesperia
785 2339 849 2397 in
891 2356 1157 2423 magna,
1197 2336 1249 2395 si
1290 2356 1420 2420 qua
1457 2350 1549 2396 est
1591 2354 1662 2395 ea
1710 2334 1955 2429 gloria,
1993 2338 2238 2427 signat.

441 2461 520 2520 At
559 2461 706 2543 pius
746 2457 1070 2541 exsequiis
1109 2456 1352 2514 Aeneas
1393 2455 1517 2515 rite
1556 2452 1821 2529 solutis,

445 2578 692 2666 Aggere
735 2576 1084 2659 composito
1127 2572 1394 2650 tumuli,
1438 2591 1774 2660 postquam
1817 2571 1945 2635 alta
1981 2575 2291 2658 quierunt

441 2699 766 2781 Aequora,
807 2692 1015 2756 tendit
1055 2695 1181 2755 iter
1218 2692 1414 2768 velis,
1458 2710 1841 2776 portumque
1884 2690 2231 2776 relinquit.

437 2811 777 2897 Adspirant
821 2831 1012 2874 aurae
1050 2813 1118 2873 in
1159 2828 1439 2887 noctem,
1479 2833 1591 2874 nec
1634 2810 1910 2874 candida
1955 2833 2178 2874 cursus

441 2933 612 2993 Luna
654 2949 880 3018 negat3
925 2928 1209 3016 splendet
1252 2928 1527 2991 tremulo
1568 2927 1688 2994 sub
1725 2929 1963 2993 lumine
1999 2946 2265 3017 pontuS.

440 3051 730 3112 Proxima
770 3049 1067 3112 Circaeae
1109 3047 1428 3111 raduntur
1462 3047 1661 3111 litora
1705 3066 1943 3113 terrae:

440 3172 630 3230 Dives
673 3172 1024 3232 inaccessos
1059 3167 1170 3231 ubi
1214 3169 1378 3230 Solis
1418 3165 1549 3230 filia
1589 3169 1769 3231 lucos

444 3286 724 3350 Adsiduo
767 3305 1016 3349 resonat
1059 3307 1292 3365 cantu,
1335 3289 1655 3374 tectisque
1695 3289 1983 3374 superbis

441 3409 577 3468 Vrit
622 3404 948 3468 odoratam
989 3425 1298 3468 nocturna
1339 3409 1402 3470 in
1445 3405 1688 3470 lumina
1727 3407 2013 3486 cedrum,

443 3528 696 3613 Arguto
735 3541 958 3586 tenues
1001 3545 1374 3608 percurrens
1417 3530 1674 3609 pectine
1718 3527 1907 3589 telas.

445 3645 607 3705 Hinc
652 3642 955 3706 exaudiri
996 3646 1272 3732 gemitus
1315 3646 1578 3731 iraeque
1622 3644 1909 3718 leonum,

443 3761 671 3822 Vincla
713 3781 1150 3838 recusantum,
1194 3779 1258 3824 et
1298 3784 1442 3824 sera
1481 3763 1600 3826 sub
1644 3783 1827 3825 nocte
1868 3759 2240 3839 rudentum3

447 3881 892 3969 Saetigerique
935 3901 1113 3955 sues,
1155 3897 1352 3968 atque
1397 3883 1462 3946 in
1504 3881 1919 3968 praesepibus
1960 3883 2091 3942 ursi

443 3997 734 4075 Saevire,
778 4018 849 4067 ac
895 3993 1132 4062 formae
1173 4000 1554 4090 magnorum'
1585 4001 1843 4064 ululare
1880 3999 2205 4086 luporum:
