<?xml version="1.0" encoding="UTF-8"?>
<!DOCTYPE html PUBLIC "-//W3C//DTD XHTML 1.0 Transitional//EN"
    "http://www.w3.org/TR/xhtml1/DTD/xhtml1-transitional.dtd">
<html xmlns="http://www.w3.org/1999/xhtml" xml:lang="en" lang="en">
 <head>
  <title>
</title>
<meta http-equiv="Content-Type" content="text/html;charset=utf-8" />
  <meta name='ocr-system' content='tesseract 3.04.00' />
  <meta name='ocr-capabilities' content='ocr_page ocr_carea ocr_par ocr_line ocrx_word'/>
</head>
<body>
  <div class='ocr_page' id='page_1' title='image "./pvirgiliimaroni04unkngoog/pvirgiliimaroni04unkngoog_0144.png"; bbox 0 0 3400 5175; ppageno 0'>
   <div class='ocr_carea' id='block_1_1' title="bbox 1016 564 2770 656">
    <p class='ocr_par' dir='ltr' id='par_1_1' title="bbox 1016 564 2770 656">
     <span class='ocr_line' id='line_1_1' title="bbox 1016 564 2770 656; baseline -0.005 -1"><span class='ocrx_word' id='word_1_1' title='bbox 1016 574 1171 656; x_wconf 77' lang='lat'>138</span> <span class='ocrx_word' id='word_1_2' title='bbox 1650 596 1722 648; x_wconf 71' lang='grc' dir='ltr'>ι».</span> <span class='ocrx_word' id='word_1_3' title='bbox 1816 592 2368 653; x_wconf 64' lang='lat' dir='ltr'>yraernrr</span> <span class='ocrx_word' id='word_1_4' title='bbox 2607 564 2770 647; x_wconf 81' lang='lat'>355</span> 
     </span>
    </p>
   </div>
   <div class='ocr_carea' id='block_1_2' title="bbox 1102 722 3026 4039">
    <p class='ocr_par' dir='ltr' id='par_1_2' title="bbox 1103 722 2604 816">
     <span class='ocr_line' id='line_1_2' title="bbox 1103 722 2604 816; baseline -0.003 -25"><span class='ocrx_word' id='word_1_5' title='bbox 1103 728 1448 791; x_wconf 70' lang='lat' dir='ltr'>Ausoniae.</span> <span class='ocrx_word' id='word_1_6' title='bbox 1492 730 1728 816; x_wconf 83' lang='lat' dir='ltr'>Magno</span> <span class='ocrx_word' id='word_1_7' title='bbox 1769 724 2087 791; x_wconf 68' lang='lat' dir='ltr'>discordes</span> <span class='ocrx_word' id='word_1_8' title='bbox 2129 722 2387 787; x_wconf 83' lang='lat' dir='ltr'>aethere</span> <span class='ocrx_word' id='word_1_9' title='bbox 2423 726 2604 787; x_wconf 80' lang='lat' dir='ltr'>venti</span> 
     </span>
    </p>

    <p class='ocr_par' dir='ltr' id='par_1_3' title="bbox 1103 840 2779 931">
     <span class='ocr_line' id='line_1_3' title="bbox 1103 840 2779 931; baseline -0.002 -22"><span class='ocrx_word' id='word_1_10' title='bbox 1103 847 1352 911; x_wconf 82' lang='lat' dir='ltr'>Proelia</span> <span class='ocrx_word' id='word_1_11' title='bbox 1391 869 1507 909; x_wconf 87' lang='lat' dir='ltr'>ceu</span> <span class='ocrx_word' id='word_1_12' title='bbox 1552 846 1828 923; x_wconf 88' lang='lat' dir='ltr'>tollunt,</span> <span class='ocrx_word' id='word_1_13' title='bbox 1867 846 2094 908; x_wconf 72' lang='lat' dir='ltr'>animis</span> <span class='ocrx_word' id='word_1_14' title='bbox 2133 859 2197 906; x_wconf 85' lang='lat' dir='ltr'>et</span> <span class='ocrx_word' id='word_1_15' title='bbox 2239 840 2488 905; x_wconf 78' lang='lat' dir='ltr'>viribus</span> <span class='ocrx_word' id='word_1_16' title='bbox 2529 846 2779 931; x_wconf 78' lang='lat' dir='ltr'>aequis:</span> 
     </span>
    </p>

    <p class='ocr_par' dir='ltr' id='par_1_4' title="bbox 1102 959 2900 1053">
     <span class='ocr_line' id='line_1_4' title="bbox 1102 959 2900 1053; baseline -0.002 -23"><span class='ocrx_word' id='word_1_17' title='bbox 1102 970 1245 1030; x_wconf 88' lang='lat' dir='ltr'>Non</span> <span class='ocrx_word' id='word_1_18' title='bbox 1286 968 1408 1053; x_wconf 69' lang='lat' dir='ltr'>ipsi</span> <span class='ocrx_word' id='word_1_19' title='bbox 1450 968 1615 1030; x_wconf 86' lang='lat' dir='ltr'>inter</span> <span class='ocrx_word' id='word_1_20' title='bbox 1652 987 1754 1043; x_wconf 73' lang='lat' dir='ltr'>se,</span> <span class='ocrx_word' id='word_1_21' title='bbox 1801 988 1921 1029; x_wconf 87' lang='lat' dir='ltr'>non</span> <span class='ocrx_word' id='word_1_22' title='bbox 1959 959 2213 1039; x_wconf 85' lang='lat' dir='ltr'>nubila,</span> <span class='ocrx_word' id='word_1_23' title='bbox 2257 984 2378 1025; x_wconf 85' lang='lat' dir='ltr'>non</span> <span class='ocrx_word' id='word_1_24' title='bbox 2421 984 2586 1025; x_wconf 88' lang='lat' dir='ltr'>mare</span> <span class='ocrx_word' id='word_1_25' title='bbox 2625 962 2900 1043; x_wconf 82' lang='lat' dir='ltr'>cedunt;</span> 
     </span>
    </p>

    <p class='ocr_par' dir='ltr' id='par_1_5' title="bbox 1105 1081 2837 1177">
     <span class='ocr_line' id='line_1_5' title="bbox 1105 1081 2837 1177; baseline -0.001 -28"><span class='ocrx_word' id='word_1_26' title='bbox 1105 1091 1355 1173; x_wconf 73' lang='lat' dir='ltr'>Anceps</span> <span class='ocrx_word' id='word_1_27' title='bbox 1398 1108 1613 1177; x_wconf 85' lang='lat' dir='ltr'>pugna</span> <span class='ocrx_word' id='word_1_28' title='bbox 1654 1084 1804 1164; x_wconf 77' lang='lat' dir='ltr'>diu3</span> <span class='ocrx_word' id='word_1_29' title='bbox 1847 1102 2016 1148; x_wconf 78' lang='lat' dir='ltr'>stant</span> <span class='ocrx_word' id='word_1_30' title='bbox 2056 1081 2297 1147; x_wconf 83' lang='lat' dir='ltr'>obnixa</span> <span class='ocrx_word' id='word_1_31' title='bbox 2331 1084 2544 1146; x_wconf 88' lang='lat' dir='ltr'>omnia</span> <span class='ocrx_word' id='word_1_32' title='bbox 2581 1102 2837 1147; x_wconf 85' lang='lat' dir='ltr'>contra.</span> 
     </span>
    </p>

    <p class='ocr_par' dir='ltr' id='par_1_6' title="bbox 1112 1204 2738 1290">
     <span class='ocr_line' id='line_1_6' title="bbox 1112 1204 2738 1290; baseline -0.001 -22"><span class='ocrx_word' id='word_1_33' title='bbox 1112 1204 1297 1269; x_wconf 86' lang='lat' dir='ltr'>Haud</span> <span class='ocrx_word' id='word_1_34' title='bbox 1338 1206 1523 1269; x_wconf 88' lang='lat' dir='ltr'>aliter</span> <span class='ocrx_word' id='word_1_35' title='bbox 1565 1208 1885 1269; x_wconf 82' lang='lat' dir='ltr'>Troianae</span> <span class='ocrx_word' id='word_1_36' title='bbox 1925 1208 2092 1267; x_wconf 75' lang='lat' dir='ltr'>acies</span> <span class='ocrx_word' id='word_1_37' title='bbox 2134 1206 2436 1290; x_wconf 85' lang='lat' dir='ltr'>aciesque</span> <span class='ocrx_word' id='word_1_38' title='bbox 2473 1205 2738 1267; x_wconf 84' lang='lat' dir='ltr'>Latinae</span> 
     </span>
    </p>

    <p class='ocr_par' dir='ltr' id='par_1_7' title="bbox 1106 1320 2948 1531">
     <span class='ocr_line' id='line_1_7' title="bbox 1106 1320 2948 1411; baseline -0.002 -25"><span class='ocrx_word' id='word_1_39' title='bbox 1106 1326 1538 1389; x_wconf 78' lang='lat' dir='ltr'>Concurrunt:</span> <span class='ocrx_word' id='word_1_40' title='bbox 1578 1321 1802 1389; x_wconf 90' lang='lat' dir='ltr'>haeret</span> <span class='ocrx_word' id='word_1_41' title='bbox 1844 1322 2005 1411; x_wconf 88' lang='lat' dir='ltr'>pede</span> <span class='ocrx_word' id='word_1_42' title='bbox 2047 1342 2185 1409; x_wconf 80' lang='lat' dir='ltr'>pes,</span> <span class='ocrx_word' id='word_1_43' title='bbox 2231 1320 2591 1408; x_wconf 73' lang='lat' dir='ltr'>densusque</span> <span class='ocrx_word' id='word_1_44' title='bbox 2634 1324 2774 1385; x_wconf 74' lang='lat' dir='ltr'>viro</span> <span class='ocrx_word' id='word_1_45' title='bbox 2815 1324 2948 1385; x_wconf 78' lang='lat' dir='ltr'>vir.</span> 
     </span>
     <span class='ocr_line' id='line_1_8' title="bbox 1212 1440 2694 1531; baseline 0 -26"><span class='ocrx_word' id='word_1_46' title='bbox 1212 1450 1292 1506; x_wconf 75' lang='lat' dir='ltr'>At</span> <span class='ocrx_word' id='word_1_47' title='bbox 1334 1462 1516 1531; x_wconf 85' lang='lat' dir='ltr'>parte</span> <span class='ocrx_word' id='word_1_48' title='bbox 1554 1467 1635 1508; x_wconf 82' lang='lat' dir='ltr'>ex</span> <span class='ocrx_word' id='word_1_49' title='bbox 1676 1444 1832 1521; x_wconf 87' lang='lat' dir='ltr'>alia,</span> <span class='ocrx_word' id='word_1_50' title='bbox 1873 1464 2004 1529; x_wconf 85' lang='lat' dir='ltr'>qua</span> <span class='ocrx_word' id='word_1_51' title='bbox 2043 1464 2200 1505; x_wconf 79' lang='lat' dir='ltr'>saxa</span> <span class='ocrx_word' id='word_1_52' title='bbox 2234 1444 2519 1505; x_wconf 85' lang='lat' dir='ltr'>rotantia</span> <span class='ocrx_word' id='word_1_53' title='bbox 2560 1440 2694 1505; x_wconf 87' lang='lat' dir='ltr'>late</span> 
     </span>
    </p>

    <p class='ocr_par' dir='ltr' id='par_1_8' title="bbox 1108 1558 2676 1650">
     <span class='ocr_line' id='line_1_9' title="bbox 1108 1558 2676 1650; baseline -0.002 -24"><span class='ocrx_word' id='word_1_54' title='bbox 1108 1564 1461 1650; x_wconf 83' lang='lat' dir='ltr'>Impulerat</span> <span class='ocrx_word' id='word_1_55' title='bbox 1502 1583 1746 1628; x_wconf 79' lang='lat' dir='ltr'>torrens</span> <span class='ocrx_word' id='word_1_56' title='bbox 1785 1564 2178 1647; x_wconf 72' lang='lat' dir='ltr'>arbustaque</span> <span class='ocrx_word' id='word_1_57' title='bbox 2221 1558 2442 1625; x_wconf 86' lang='lat' dir='ltr'>diruta</span> <span class='ocrx_word' id='word_1_58' title='bbox 2482 1562 2676 1647; x_wconf 77' lang='lat' dir='ltr'>ripis,</span> 
     </span>
    </p>

    <p class='ocr_par' dir='ltr' id='par_1_9' title="bbox 1113 1677 2620 1767">
     <span class='ocr_line' id='line_1_10' title="bbox 1113 1677 2620 1767; baseline -0.001 -24"><span class='ocrx_word' id='word_1_59' title='bbox 1113 1680 1425 1759; x_wconf 75' lang='lat' dir='ltr'>Arcades,</span> <span class='ocrx_word' id='word_1_60' title='bbox 1466 1684 1747 1745; x_wconf 74' lang='lat' dir='ltr'>insuetos</span> <span class='ocrx_word' id='word_1_61' title='bbox 1783 1686 1951 1746; x_wconf 74' lang='lat' dir='ltr'>acies</span> <span class='ocrx_word' id='word_1_62' title='bbox 1986 1677 2223 1745; x_wconf 85' lang='lat' dir='ltr'>inferre</span> <span class='ocrx_word' id='word_1_63' title='bbox 2265 1679 2620 1767; x_wconf 81' lang='lat' dir='ltr'>pedestres,</span> 
     </span>
    </p>

    <p class='ocr_par' dir='ltr' id='par_1_10' title="bbox 1108 1800 2614 1889">
     <span class='ocr_line' id='line_1_11' title="bbox 1108 1800 2614 1889; baseline -0.001 -27"><span class='ocrx_word' id='word_1_64' title='bbox 1108 1802 1195 1862; x_wconf 80' lang='lat' dir='ltr'>Vt</span> <span class='ocrx_word' id='word_1_65' title='bbox 1236 1800 1399 1863; x_wconf 81' lang='lat' dir='ltr'>vidit</span> <span class='ocrx_word' id='word_1_66' title='bbox 1442 1800 1649 1864; x_wconf 74' lang='lat' dir='ltr'>Pallae</span> <span class='ocrx_word' id='word_1_67' title='bbox 1691 1804 1875 1865; x_wconf 88' lang='lat' dir='ltr'>Latio</span> <span class='ocrx_word' id='word_1_68' title='bbox 1915 1800 2066 1865; x_wconf 84' lang='lat' dir='ltr'>dare</span> <span class='ocrx_word' id='word_1_69' title='bbox 2105 1819 2286 1889; x_wconf 87' lang='lat' dir='ltr'>terga</span> <span class='ocrx_word' id='word_1_70' title='bbox 2319 1804 2614 1886; x_wconf 76' lang='lat' dir='ltr'>sequaci3</span> 
     </span>
    </p>

    <p class='ocr_par' dir='ltr' id='par_1_11' title="bbox 1111 1918 2636 2007">
     <span class='ocr_line' id='line_1_12' title="bbox 1111 1918 2636 2007; baseline 0.001 -27"><span class='ocrx_word' id='word_1_71' title='bbox 1111 1921 1353 2005; x_wconf 70' lang='lat' dir='ltr'>Aspera</span> <span class='ocrx_word' id='word_1_72' title='bbox 1392 1920 1539 2007; x_wconf 75' lang='lat' dir='ltr'>quie</span> <span class='ocrx_word' id='word_1_73' title='bbox 1584 1938 1810 1985; x_wconf 86' lang='lat' dir='ltr'>natura</span> <span class='ocrx_word' id='word_1_74' title='bbox 1848 1921 1975 1984; x_wconf 90' lang='lat' dir='ltr'>loci</span> <span class='ocrx_word' id='word_1_75' title='bbox 2015 1918 2340 1983; x_wconf 83' lang='lat' dir='ltr'>dimittere</span> <span class='ocrx_word' id='word_1_76' title='bbox 2375 1918 2636 2007; x_wconf 85' lang='lat' dir='ltr'>quando</span> 
     </span>
    </p>

    <p class='ocr_par' dir='ltr' id='par_1_12' title="bbox 1110 2036 2799 2127">
     <span class='ocr_line' id='line_1_13' title="bbox 1110 2036 2799 2127; baseline 0.002 -29"><span class='ocrx_word' id='word_1_77' title='bbox 1110 2038 1324 2099; x_wconf 69' lang='lat' dir='ltr'>Suasit</span> <span class='ocrx_word' id='word_1_78' title='bbox 1364 2058 1595 2125; x_wconf 72' lang='lat' dir='ltr'>equ003</span> <span class='ocrx_word' id='word_1_79' title='bbox 1638 2062 1832 2102; x_wconf 87' lang='lat' dir='ltr'>unum</span> <span class='ocrx_word' id='word_1_80' title='bbox 1871 2036 2044 2127; x_wconf 82' lang='lat' dir='ltr'>quod</span> <span class='ocrx_word' id='word_1_81' title='bbox 2087 2036 2274 2103; x_wconf 72' lang='lat' dir='ltr'>rebus</span> <span class='ocrx_word' id='word_1_82' title='bbox 2313 2055 2508 2100; x_wconf 84' lang='lat' dir='ltr'>restat</span> <span class='ocrx_word' id='word_1_83' title='bbox 2549 2040 2799 2127; x_wconf 72' lang='lat' dir='ltr'>egenis,</span> 
     </span>
    </p>

    <p class='ocr_par' dir='ltr' id='par_1_13' title="bbox 1110 2156 2986 2243">
     <span class='ocr_line' id='line_1_14' title="bbox 1110 2156 2986 2243; baseline 0.002 -25"><span class='ocrx_word' id='word_1_84' title='bbox 1110 2158 1297 2219; x_wconf 78' lang='lat' dir='ltr'>Nune</span> <span class='ocrx_word' id='word_1_85' title='bbox 1340 2179 1556 2243; x_wconf 88' lang='lat' dir='ltr'>prece,</span> <span class='ocrx_word' id='word_1_86' title='bbox 1598 2179 1765 2223; x_wconf 87' lang='lat' dir='ltr'>nunc</span> <span class='ocrx_word' id='word_1_87' title='bbox 1805 2158 1999 2222; x_wconf 78' lang='lat' dir='ltr'>dictis</span> <span class='ocrx_word' id='word_1_88' title='bbox 2037 2160 2342 2222; x_wconf 78' lang='lat' dir='ltr'>virtutem</span> <span class='ocrx_word' id='word_1_89' title='bbox 2387 2156 2682 2221; x_wconf 75' lang='lat' dir='ltr'>accendit</span> <span class='ocrx_word' id='word_1_90' title='bbox 2723 2160 2986 2221; x_wconf 79' lang='lat' dir='ltr'>amaris:</span> 
     </span>
    </p>

    <p class='ocr_par' dir='ltr' id='par_1_14' title="bbox 1108 2271 2678 2367">
     <span class='ocr_line' id='line_1_15' title="bbox 1108 2271 2678 2367; baseline 0 -29"><span class='ocrx_word' id='word_1_91' title='bbox 1108 2280 1248 2357; x_wconf 88' lang='lat' dir='ltr'>Quo</span> <span class='ocrx_word' id='word_1_92' title='bbox 1284 2273 1544 2367; x_wconf 69' lang='lat' dir='ltr'>fugitis,</span> <span class='ocrx_word' id='word_1_93' title='bbox 1584 2271 1788 2341; x_wconf 75' lang='lat' dir='ltr'>socii?</span> <span class='ocrx_word' id='word_1_94' title='bbox 1827 2299 1940 2363; x_wconf 90' lang='lat' dir='ltr'>per</span> <span class='ocrx_word' id='word_1_95' title='bbox 1978 2297 2091 2339; x_wconf 71' lang='lat' dir='ltr'>voe</span> <span class='ocrx_word' id='word_1_96' title='bbox 2129 2294 2194 2339; x_wconf 92' lang='lat' dir='ltr'>et</span> <span class='ocrx_word' id='word_1_97' title='bbox 2237 2272 2432 2338; x_wconf 87' lang='lat' dir='ltr'>fortia</span> <span class='ocrx_word' id='word_1_98' title='bbox 2472 2271 2678 2351; x_wconf 87' lang='lat' dir='ltr'>facta,</span> 
     </span>
    </p>

    <p class='ocr_par' dir='ltr' id='par_1_15' title="bbox 1112 2392 2742 2482">
     <span class='ocr_line' id='line_1_16' title="bbox 1112 2392 2742 2482; baseline 0 -27"><span class='ocrx_word' id='word_1_99' title='bbox 1112 2396 1231 2456; x_wconf 87' lang='lat' dir='ltr'>Per</span> <span class='ocrx_word' id='word_1_100' title='bbox 1268 2392 1451 2458; x_wconf 73' lang='lat' dir='ltr'>ducis</span> <span class='ocrx_word' id='word_1_101' title='bbox 1494 2396 1773 2460; x_wconf 84' lang='lat' dir='ltr'>Euandri</span> <span class='ocrx_word' id='word_1_102' title='bbox 1815 2417 2070 2474; x_wconf 88' lang='lat' dir='ltr'>nomen,</span> <span class='ocrx_word' id='word_1_103' title='bbox 2113 2394 2504 2482; x_wconf 83' lang='lat' dir='ltr'>devictaque</span> <span class='ocrx_word' id='word_1_104' title='bbox 2541 2392 2742 2470; x_wconf 90' lang='lat' dir='ltr'>bella,</span> 
     </span>
    </p>

    <p class='ocr_par' dir='ltr' id='par_1_16' title="bbox 1112 2512 3026 2604">
     <span class='ocr_line' id='line_1_17' title="bbox 1112 2512 3026 2604; baseline 0.001 -30"><span class='ocrx_word' id='word_1_105' title='bbox 1112 2516 1430 2602; x_wconf 87' lang='lat' dir='ltr'>Spemque</span> <span class='ocrx_word' id='word_1_106' title='bbox 1448 2536 1641 2579; x_wconf 85' lang='lat' dir='ltr'>meam</span> <span class='ocrx_word' id='word_1_107' title='bbox 1658 2562 1680 2594; x_wconf 85' lang='lat'><strong>,</strong></span> <span class='ocrx_word' id='word_1_108' title='bbox 1696 2521 1947 2604; x_wconf 85' lang='lat' dir='ltr'>patriae</span> <span class='ocrx_word' id='word_1_109' title='bbox 1978 2537 2142 2604; x_wconf 88' lang='lat' dir='ltr'>quae</span> <span class='ocrx_word' id='word_1_110' title='bbox 2165 2538 2330 2579; x_wconf 92' lang='lat' dir='ltr'>nunc</span> <span class='ocrx_word' id='word_1_111' title='bbox 2345 2512 2519 2579; x_wconf 73' lang='lat' dir='ltr'>subit</span> <span class='ocrx_word' id='word_1_112' title='bbox 2537 2512 2978 2578; x_wconf 79' lang='lat' dir='ltr'>aemulalautli</span> <span class='ocrx_word' id='word_1_113' title='bbox 3005 2562 3026 2597; x_wconf 83' lang='lat'>,</span> 
     </span>
    </p>

    <p class='ocr_par' dir='ltr' id='par_1_17' title="bbox 1114 2631 2810 2722">
     <span class='ocr_line' id='line_1_18' title="bbox 1114 2631 2810 2722; baseline 0.001 -27"><span class='ocrx_word' id='word_1_114' title='bbox 1114 2631 1331 2698; x_wconf 76' lang='lat' dir='ltr'>Fidite</span> <span class='ocrx_word' id='word_1_115' title='bbox 1372 2657 1451 2698; x_wconf 90' lang='lat' dir='ltr'>ne</span> <span class='ocrx_word' id='word_1_116' title='bbox 1485 2634 1782 2722; x_wconf 76' lang='lat' dir='ltr'>pedibus·</span> <span class='ocrx_word' id='word_1_117' title='bbox 1823 2640 2014 2700; x_wconf 86' lang='lat' dir='ltr'>Ferro</span> <span class='ocrx_word' id='word_1_118' title='bbox 2057 2633 2407 2721; x_wconf 86' lang='lat' dir='ltr'>rumpenda</span> <span class='ocrx_word' id='word_1_119' title='bbox 2447 2655 2558 2720; x_wconf 90' lang='lat' dir='ltr'>per</span> <span class='ocrx_word' id='word_1_120' title='bbox 2599 2631 2810 2697; x_wconf 74' lang='lat' dir='ltr'>hostes</span> 
     </span>
    </p>

    <p class='ocr_par' dir='ltr' id='par_1_18' title="bbox 1112 2751 2956 2845">
     <span class='ocr_line' id='line_1_19' title="bbox 1112 2751 2956 2845; baseline 0 -31"><span class='ocrx_word' id='word_1_121' title='bbox 1112 2755 1225 2818; x_wconf 69' lang='lat' dir='ltr'>Est</span> <span class='ocrx_word' id='word_1_122' title='bbox 1264 2755 1406 2831; x_wconf 81' lang='lat' dir='ltr'>via,</span> <span class='ocrx_word' id='word_1_123' title='bbox 1451 2777 1583 2841; x_wconf 88' lang='lat' dir='ltr'>qua</span> <span class='ocrx_word' id='word_1_124' title='bbox 1624 2754 1854 2845; x_wconf 83' lang='lat' dir='ltr'>globus</span> <span class='ocrx_word' id='word_1_125' title='bbox 1889 2756 2004 2819; x_wconf 91' lang='lat' dir='ltr'>ille</span> <span class='ocrx_word' id='word_1_126' title='bbox 2047 2751 2252 2818; x_wconf 75' lang='lat' dir='ltr'>virt‘im</span> <span class='ocrx_word' id='word_1_127' title='bbox 2294 2754 2694 2818; x_wconf 77' lang='lat' dir='ltr'>densissimus</span> <span class='ocrx_word' id='word_1_128' title='bbox 2735 2771 2956 2842; x_wconf 85' lang='lat' dir='ltr'>urget:</span> 
     </span>
    </p>

    <p class='ocr_par' dir='ltr' id='par_1_19' title="bbox 1116 2873 2884 2962">
     <span class='ocr_line' id='line_1_20' title="bbox 1116 2873 2884 2962; baseline 0.001 -28"><span class='ocrx_word' id='word_1_129' title='bbox 1116 2873 1251 2936; x_wconf 83' lang='lat' dir='ltr'>Hac</span> <span class='ocrx_word' id='word_1_130' title='bbox 1294 2895 1407 2936; x_wconf 73' lang='lat' dir='ltr'>vos</span> <span class='ocrx_word' id='word_1_131' title='bbox 1444 2893 1508 2936; x_wconf 89' lang='lat' dir='ltr'>et</span> <span class='ocrx_word' id='word_1_132' title='bbox 1552 2874 1853 2939; x_wconf 87' lang='lat' dir='ltr'>Pallanta</span> <span class='ocrx_word' id='word_1_133' title='bbox 1889 2873 2114 2962; x_wconf 72' lang='lat' dir='ltr'>ducem</span> <span class='ocrx_word' id='word_1_134' title='bbox 2156 2877 2370 2960; x_wconf 85' lang='lat' dir='ltr'>patria</span> <span class='ocrx_word' id='word_1_135' title='bbox 2409 2873 2542 2938; x_wconf 84' lang='lat' dir='ltr'>alta</span> <span class='ocrx_word' id='word_1_136' title='bbox 2577 2875 2884 2960; x_wconf 77' lang='lat' dir='ltr'>reposcit.</span> 
     </span>
    </p>

    <p class='ocr_par' dir='ltr' id='par_1_20' title="bbox 1116 2989 2938 3082">
     <span class='ocr_line' id='line_1_21' title="bbox 1116 2989 2938 3082; baseline 0.001 -31"><span class='ocrx_word' id='word_1_137' title='bbox 1116 2991 1395 3054; x_wconf 80' lang='lat' dir='ltr'>Numina</span> <span class='ocrx_word' id='word_1_138' title='bbox 1438 2993 1615 3055; x_wconf 86' lang='lat' dir='ltr'>nulla</span> <span class='ocrx_word' id='word_1_139' title='bbox 1656 3015 1981 3080; x_wconf 85' lang='lat' dir='ltr'>premunt:</span> <span class='ocrx_word' id='word_1_140' title='bbox 2027 2993 2276 3056; x_wconf 87' lang='lat' dir='ltr'>mortali</span> <span class='ocrx_word' id='word_1_141' title='bbox 2315 3013 2614 3082; x_wconf 87' lang='lat' dir='ltr'>urgemur</span> <span class='ocrx_word' id='word_1_142' title='bbox 2647 2990 2732 3057; x_wconf 81' lang='lat' dir='ltr'>ab</span> <span class='ocrx_word' id='word_1_143' title='bbox 2757 2989 2938 3056; x_wconf 77' lang='lat' dir='ltr'>hoste</span> 
     </span>
    </p>

    <p class='ocr_par' dir='ltr' id='par_1_21' title="bbox 1114 3107 2831 3201">
     <span class='ocr_line' id='line_1_22' title="bbox 1114 3107 2831 3201; baseline 0.003 -32"><span class='ocrx_word' id='word_1_144' title='bbox 1114 3107 1451 3180; x_wconf 74' lang='lat' dir='ltr'>Mortales:</span> <span class='ocrx_word' id='word_1_145' title='bbox 1500 3110 1764 3176; x_wconf 86' lang='lat' dir='ltr'>totidem</span> <span class='ocrx_word' id='word_1_146' title='bbox 1810 3112 1992 3179; x_wconf 80' lang='lat' dir='ltr'>nobis</span> <span class='ocrx_word' id='word_1_147' title='bbox 2046 3114 2420 3201; x_wconf 86' lang='lat' dir='ltr'>animaeque</span> <span class='ocrx_word' id='word_1_148' title='bbox 2459 3133 2831 3200; x_wconf 72' lang='lat' dir='ltr'>manusque.</span> 
     </span>
    </p>

    <p class='ocr_par' dir='ltr' id='par_1_22' title="bbox 1112 3229 2810 3323">
     <span class='ocr_line' id='line_1_23' title="bbox 1112 3229 2810 3323; baseline 0.002 -34"><span class='ocrx_word' id='word_1_149' title='bbox 1112 3229 1311 3304; x_wconf 88' lang='lat' dir='ltr'>Ecce,</span> <span class='ocrx_word' id='word_1_150' title='bbox 1356 3231 1541 3292; x_wconf 74' lang='lat' dir='ltr'>maria</span> <span class='ocrx_word' id='word_1_151' title='bbox 1583 3254 1809 3323; x_wconf 83' lang='lat' dir='ltr'>magna</span> <span class='ocrx_word' id='word_1_152' title='bbox 1847 3231 2100 3297; x_wconf 84' lang='lat' dir='ltr'>claudit</span> <span class='ocrx_word' id='word_1_153' title='bbox 2138 3255 2248 3295; x_wconf 75' lang='lat' dir='ltr'>noe</span> <span class='ocrx_word' id='word_1_154' title='bbox 2289 3230 2502 3295; x_wconf 87' lang='lat' dir='ltr'>obiice</span> <span class='ocrx_word' id='word_1_155' title='bbox 2542 3247 2810 3318; x_wconf 79' lang='lat' dir='ltr'>pontus:</span> 
     </span>
    </p>

    <p class='ocr_par' dir='ltr' id='par_1_23' title="bbox 1114 3344 2990 3444">
     <span class='ocr_line' id='line_1_24' title="bbox 1114 3344 2990 3444; baseline 0.004 -37"><span class='ocrx_word' id='word_1_156' title='bbox 1114 3347 1307 3409; x_wconf 71' lang='lat' dir='ltr'>Deest</span> <span class='ocrx_word' id='word_1_157' title='bbox 1350 3349 1471 3410; x_wconf 88' lang='lat' dir='ltr'>iam</span> <span class='ocrx_word' id='word_1_158' title='bbox 1512 3365 1679 3414; x_wconf 88' lang='lat' dir='ltr'>terra</span> <span class='ocrx_word' id='word_1_159' title='bbox 1721 3349 1952 3444; x_wconf 77' lang='lat' dir='ltr'>fugae.</span> <span class='ocrx_word' id='word_1_160' title='bbox 1981 3353 2254 3444; x_wconf 83' lang='lat' dir='ltr'>Pelagus</span> <span class='ocrx_word' id='word_1_161' title='bbox 2294 3355 2625 3416; x_wconf 83' lang='lat' dir='ltr'>Troiamne</span> <span class='ocrx_word' id='word_1_162' title='bbox 2663 3344 2990 3438; x_wconf 80' lang='lat' dir='ltr'>petemus?</span> 
     </span>
    </p>

    <p class='ocr_par' dir='ltr' id='par_1_24' title="bbox 1112 3467 2892 3558">
     <span class='ocr_line' id='line_1_25' title="bbox 1112 3467 2892 3558; baseline 0.002 -30"><span class='ocrx_word' id='word_1_163' title='bbox 1112 3470 1283 3529; x_wconf 85' lang='lat' dir='ltr'>Haec</span> <span class='ocrx_word' id='word_1_164' title='bbox 1320 3472 1413 3532; x_wconf 86' lang='lat' dir='ltr'>ait</span> <span class='ocrx_word' id='word_1_165' title='bbox 1429 3515 1457 3546; x_wconf 88' lang='lat'>,.</span> <span class='ocrx_word' id='word_1_166' title='bbox 1488 3489 1553 3533; x_wconf 90' lang='lat' dir='ltr'>et</span> <span class='ocrx_word' id='word_1_167' title='bbox 1598 3473 1838 3536; x_wconf 85' lang='lat' dir='ltr'>medius</span> <span class='ocrx_word' id='word_1_168' title='bbox 1879 3473 2102 3537; x_wconf 69' lang='lat' dir='ltr'>densos</span> <span class='ocrx_word' id='word_1_169' title='bbox 2143 3471 2500 3558; x_wconf 86' lang='lat' dir='ltr'>prorumpit</span> <span class='ocrx_word' id='word_1_170' title='bbox 2541 3473 2605 3533; x_wconf 89' lang='lat' dir='ltr'>in</span> <span class='ocrx_word' id='word_1_171' title='bbox 2647 3467 2892 3533; x_wconf 74' lang='lat' dir='ltr'>hostes.</span> 
     </span>
    </p>

    <p class='ocr_par' dir='ltr' id='par_1_25' title="bbox 1113 3585 2764 3676">
     <span class='ocr_line' id='line_1_26' title="bbox 1113 3585 2764 3676; baseline 0.002 -28"><span class='ocrx_word' id='word_1_172' title='bbox 1113 3585 1359 3651; x_wconf 78' lang='lat' dir='ltr'>Obvius</span> <span class='ocrx_word' id='word_1_173' title='bbox 1398 3585 1551 3652; x_wconf 85' lang='lat' dir='ltr'>huic</span> <span class='ocrx_word' id='word_1_174' title='bbox 1594 3593 1902 3676; x_wconf 90' lang='lat' dir='ltr'>primum,</span> <span class='ocrx_word' id='word_1_175' title='bbox 1943 3589 2095 3655; x_wconf 76' lang='lat' dir='ltr'>fatis</span> <span class='ocrx_word' id='word_1_176' title='bbox 2135 3590 2450 3656; x_wconf 76' lang='lat' dir='ltr'>adductus</span> <span class='ocrx_word' id='word_1_177' title='bbox 2490 3591 2764 3676; x_wconf 76' lang='lat' dir='ltr'>iniquis,</span> 
     </span>
    </p>

    <p class='ocr_par' dir='ltr' id='par_1_26' title="bbox 1112 3707 3012 3803">
     <span class='ocr_line' id='line_1_27' title="bbox 1112 3707 3012 3803; baseline -0.002 -33"><span class='ocrx_word' id='word_1_178' title='bbox 1112 3707 1217 3782; x_wconf 77' lang='lat' dir='ltr'>Fit</span> <span class='ocrx_word' id='word_1_179' title='bbox 1262 3709 1499 3800; x_wconf 79' lang='lat' dir='ltr'>Lagus:</span> <span class='ocrx_word' id='word_1_180' title='bbox 1547 3709 1754 3788; x_wconf 86' lang='lat' dir='ltr'>hunc,</span> <span class='ocrx_word' id='word_1_181' title='bbox 1798 3734 2022 3803; x_wconf 84' lang='lat' dir='ltr'>magno</span> <span class='ocrx_word' id='word_1_182' title='bbox 2064 3710 2253 3775; x_wconf 81' lang='lat' dir='ltr'>vellit</span> <span class='ocrx_word' id='word_1_183' title='bbox 2281 3709 2426 3772; x_wconf 86' lang='lat' dir='ltr'>dum</span> <span class='ocrx_word' id='word_1_184' title='bbox 2455 3707 2734 3796; x_wconf 87' lang='lat' dir='ltr'>pondere</span> <span class='ocrx_word' id='word_1_185' title='bbox 2755 3727 3012 3786; x_wconf 80' lang='lat' dir='ltr'>saxum,</span> 
     </span>
    </p>

    <p class='ocr_par' dir='ltr' id='par_1_27' title="bbox 1110 3827 2394 3919">
     <span class='ocr_line' id='line_1_28' title="bbox 1110 3827 2394 3919; baseline 0.002 -31"><span class='ocrx_word' id='word_1_186' title='bbox 1110 3827 1361 3894; x_wconf 85' lang='lat' dir='ltr'>Intorto</span> <span class='ocrx_word' id='word_1_187' title='bbox 1400 3827 1539 3919; x_wconf 82' lang='lat' dir='ltr'>figit</span> <span class='ocrx_word' id='word_1_188' title='bbox 1584 3830 1744 3908; x_wconf 88' lang='lat' dir='ltr'>telo,</span> <span class='ocrx_word' id='word_1_189' title='bbox 1783 3831 2158 3896; x_wconf 78' lang='lat' dir='ltr'>discrimina</span> <span class='ocrx_word' id='word_1_190' title='bbox 2195 3831 2394 3894; x_wconf 73' lang='lat' dir='ltr'>coatia</span> 
     </span>
    </p>

    <p class='ocr_par' dir='ltr' id='par_1_28' title="bbox 1110 3946 2942 4039">
     <span class='ocr_line' id='line_1_29' title="bbox 1110 3946 2942 4039; baseline -0.002 -31"><span class='ocrx_word' id='word_1_191' title='bbox 1110 3946 1229 4009; x_wconf 88' lang='lat' dir='ltr'>Per</span> <span class='ocrx_word' id='word_1_192' title='bbox 1267 3948 1540 4014; x_wconf 85' lang='lat' dir='ltr'>medium</span> <span class='ocrx_word' id='word_1_193' title='bbox 1582 3973 1710 4039; x_wconf 87' lang='lat' dir='ltr'>qua</span> <span class='ocrx_word' id='word_1_194' title='bbox 1743 3953 1929 4039; x_wconf 79' lang='lat' dir='ltr'>apina</span> <span class='ocrx_word' id='word_1_195' title='bbox 1963 3951 2188 4018; x_wconf 84' lang='lat' dir='ltr'>dabat:</span> <span class='ocrx_word' id='word_1_196' title='bbox 2237 3947 2610 4035; x_wconf 78' lang='lat' dir='ltr'>hastamque</span> <span class='ocrx_word' id='word_1_197' title='bbox 2654 3959 2942 4032; x_wconf 86' lang='lat' dir='ltr'>receptat</span> 
     </span>
    </p>
   </div>
  </div>
 </body>
</html>
