3400 5175
2666 544 2703 571 ‘D

971 550 1072 627 56
1603 570 1677 623 P.
1760 564 2307 623 vrnornrr
2549 540 2705 619 52)

1065 705 1374 765 Direxere
1417 702 1616 763 acies.
1657 701 1801 761 Non
1842 703 1963 761 iam
2008 701 2355 761 certamine
2396 702 2663 787 agresti,

1063 820 1410 907 Stipitibus
1448 820 1625 882 duris
1669 822 1887 908 agitur
1930 818 2281 882 sudibusve
2326 822 2679 904 praeustis3

1064 939 1187 1003 Sed
1229 935 1394 1003 ferro
1435 941 1707 1025 ancipiti
1751 938 2134 1015 decernunt,
2178 955 2443 1024 atraque
2488 938 2616 1001 late

1065 1062 1390 1123 Horrescit
1435 1061 1678 1121 strictis
1712 1079 1891 1147 seges
1930 1056 2214 1134 ensibus„
2259 1080 2534 1145 aeraque
2576 1054 2831 1148 fulgent

1009 1208 1025 1213 ·
1063 1178 1208 1243 Sole
1248 1178 1572 1254 lacessita,
1615 1195 1676 1239 et
1718 1176 1925 1239 lucem
1966 1176 2085 1239 sub
2126 1174 2349 1240 nubila
2390 1179 2666 1239 iactant:

1063 1299 1330 1364 Fluctus
1367 1301 1466 1360 uti
1511 1300 1715 1384 primo
1756 1298 1967 1381 coepit
2012 1318 2205 1382 quum
2249 1294 2566 1359 albescere
2612 1316 2839 1373 vente,

1065 1419 1407 1484 Paullatim
1449 1440 1580 1480 sese
1621 1417 1793 1479 tollit
1836 1437 2032 1491 mare,
2070 1432 2133 1476 et
2176 1413 2372 1477 altius
2416 1414 2609 1478 undas

1069 1542 1322 1629 Erigit,
1361 1538 1508 1601 inde
1547 1539 1672 1599 imo
1708 1533 2033 1623 consurgit
2078 1533 2155 1597 ad
2198 1530 2455 1599 aethera
2496 1531 2723 1598 fundo.

1065 1662 1190 1722 Hic
1235 1662 1485 1720 iuvenis
1533 1659 1797 1742 primam
1841 1674 1987 1717 ante
2024 1656 2223 1715 aciem
2260 1654 2567 1717 stridente
2614 1659 2889 1744 sagitta,

1067 1782 1377 1841 Natorum
1419 1774 1696 1863 Tyrrhei
1740 1770 1948 1837 fuerat
1991 1776 2105 1861 qui
2151 1775 2497 1849 maximu5‚
2536 1774 2723 1837 Almo

1068 1898 1426 1973 Sternitur3
1471 1892 1672 1958 haesit
1712 1896 1877 1957 enim
1918 1892 2033 1956 sub
2072 1910 2335 1982 gutture
2373 1892 2640 1969 vulnus,
2682 1912 2741 1953 et
2788 1892 2959 1957 udae

1069 2018 1264 2080 Vocis
1305 2016 1428 2079 iter
1473 2033 1854 2101 tenuemque
1899 2011 2158 2075 inclusit
2194 2014 2507 2109 sanguine
2541 2014 2768 2075 vitam.

1077 2139 1360 2221 Corpora
1396 2134 1596 2197 multa
1637 2129 1841 2197 virum
1880 2136 2087 2209 circa,
2123 2136 2456 2220 seniorque
2499 2134 2846 2211 Galaesus,

1073 2256 1238 2317 Dum
1280 2257 1427 2339 paci
1471 2251 1741 2317 medium
1782 2274 1845 2315 se
1888 2248 2114 2331 offert3
2160 2254 2537 2316 iustissimus
2578 2276 2737 2315 unus

1065 2376 1190 2453 Qui
1234 2367 1393 2450 fuit,
1435 2375 1863 2459 Ausoniisque
1899 2371 2051 2434 olim
2094 2371 2445 2436 ditissimus
2486 2373 2687 2433 arvis:

1068 2494 1364 2579 Quinque
1405 2514 1628 2582 greges
1672 2490 1773 2557 illi
1812 2490 2170 2567 balantum,
2212 2491 2411 2579 quina
2450 2488 2737 2555 redibant

1074 2617 1413 2688 Armenta,
1455 2630 1518 2676 et
1561 2629 1791 2675 terram
1836 2629 2088 2674 centum
2127 2608 2418 2674 vertebat
2451 2616 2711 2676 aratris.

1174 2736 1386 2820 Atque
1429 2755 1501 2796 ea
1545 2755 1652 2818 per
1695 2754 1948 2817 campos
1982 2753 2184 2818 aequo
2214 2729 2359 2794 dum
2392 2749 2591 2795 marte
2616 2753 2962 2822 geruntur,

1073 2851 1367 2912 Promissi
1407 2850 1522 2913 dea
1558 2848 1729 2914 facta
1774 2871 2028 2936 potens,
2070 2849 2181 2912 ubi
2222 2853 2531 2940 sanguine
2572 2850 2809 2914 bellum

1075 2968 1352 3046 Imbuit,
1395 2988 1459 3031 et
1507 2973 1746 3054 primae
1787 2971 2100 3032 commisit
2144 2967 2361 3032 funera
2404 2993 2683 3061 pugnae,

1076 3089 1325 3149 Deserit
1365 3089 1769 3172 Hesperiam,
1811 3107 1871 3151 et
1914 3089 2074 3152 caeli
2116 3111 2399 3152 convexa
2434 3112 2547 3175 per
2589 3113 2767 3154 auras

1075 3205 1376 3266 Iunonem
1423 3205 1662 3266 victrix
1704 3202 1959 3271 adfatur
2000 3231 2157 3272 voce
2198 3207 2499 3295 superba:

1077 3325 1172 3383 En
1217 3316 1503 3408 perfecta
1537 3323 1658 3387 tibi
1701 3324 1871 3389 bello
1914 3327 2231 3392 discordia
2270 3331 2473 3392 tristi.

1073 3443 1229 3517 Dic,
1267 3443 1332 3504 in
1373 3445 1721 3508 amicitiam
1767 3465 2025 3526 coeant,
2068 3465 2129 3510 et
2170 3445 2425 3512 foedera
2461 3450 2761 3538 iungant:

1072 3560 1598 3650 Quandoquidem
1643 3569 1921 3630 Ausonio
1965 3570 2234 3654 respersi
2274 3571 2584 3658 sanguine
2626 3571 2941 3633 Teucros.

1075 3683 1212 3743 Hoc
1255 3685 1448 3745 etiam
1490 3679 1592 3746 his
1631 3683 1889 3763 addam,
1934 3703 2041 3749 tua
2082 3692 2135 3750 si
2178 3687 2333 3750 mihi
2372 3705 2545 3750 certa
2582 3687 2913 3764 voluntas,

1072 3803 1409 3864 Finitimas
1449 3807 1514 3866 in
1557 3802 1731 3868 bella
1774 3801 1968 3869 seram
2008 3805 2367 3870 rumoribus
2410 3804 2631 3883 urbes,

1072 3920 1558 4022 Accendamque
1603 3927 1841 3988 animos
1882 3929 2085 3989 insani
2132 3928 2356 3989 Martis
2396 3947 2634 4002 amore,
