<?xml version="1.0" encoding="UTF-8"?>
<!DOCTYPE html PUBLIC "-//W3C//DTD XHTML 1.0 Transitional//EN"
    "http://www.w3.org/TR/xhtml1/DTD/xhtml1-transitional.dtd">
<html xmlns="http://www.w3.org/1999/xhtml" xml:lang="en" lang="en">
 <head>
  <title>
</title>
<meta http-equiv="Content-Type" content="text/html;charset=utf-8" />
  <meta name='ocr-system' content='tesseract 3.04.00' />
  <meta name='ocr-capabilities' content='ocr_page ocr_carea ocr_par ocr_line ocrx_word'/>
</head>
<body>
  <div class='ocr_page' id='page_1' title='image "./pvirgiliimaroni04unkngoog/pvirgiliimaroni04unkngoog_0197.png"; bbox 0 0 3400 5175; ppageno 0'>
   <div class='ocr_carea' id='block_1_1' title="bbox 1065 574 2532 678">
    <p class='ocr_par' dir='ltr' id='par_1_1' title="bbox 1065 574 2532 678">
     <span class='ocr_line' id='line_1_1' title="bbox 1065 574 2532 678; baseline 0 -27"><span class='ocrx_word' id='word_1_1' title='bbox 1065 596 1523 653; x_wconf 72' lang='lat' dir='ltr'>Azrtnmos</span> <span class='ocrx_word' id='word_1_2' title='bbox 1588 598 1762 650; x_wconf 79' lang='lat' dir='ltr'>mn.</span> <span class='ocrx_word' id='word_1_3' title='bbox 1827 597 1952 651; x_wconf 85' lang='lat' dir='ltr'>xr.</span> <span class='ocrx_word' id='word_1_4' title='bbox 2103 574 2264 675; x_wconf 88' lang='lat'>887</span> <span class='ocrx_word' id='word_1_5' title='bbox 2392 599 2532 678; x_wconf 88' lang='lat'>191</span> 
     </span>
    </p>
   </div>
   <div class='ocr_carea' id='block_1_2' title="bbox 633 726 2552 4013">
    <p class='ocr_par' dir='ltr' id='par_1_2' title="bbox 662 726 2548 1171">
     <span class='ocr_line' id='line_1_2' title="bbox 662 726 2548 815; baseline -0.001 -22"><span class='ocrx_word' id='word_1_6' title='bbox 662 726 963 805; x_wconf 76' lang='lat' dir='ltr'><strong>Exclusi,</strong></span> <span class='ocrx_word' id='word_1_7' title='bbox 991 744 1141 793; x_wconf 87' lang='lat' dir='ltr'>ante</span> <span class='ocrx_word' id='word_1_8' title='bbox 1163 728 1381 793; x_wconf 68' lang='lat' dir='ltr'>oculos</span> <span class='ocrx_word' id='word_1_9' title='bbox 1411 728 2011 815; x_wconf 83' lang='lat' dir='ltr'>lacrymantumque</span> <span class='ocrx_word' id='word_1_10' title='bbox 2035 748 2144 791; x_wconf 90' lang='lat' dir='ltr'>ora</span> <span class='ocrx_word' id='word_1_11' title='bbox 2172 746 2504 815; x_wconf 81' lang='lat' dir='ltr'>parentum</span> <span class='ocrx_word' id='word_1_12' title='bbox 2527 770 2548 803; x_wconf 89' lang='lat'><strong>,</strong></span> 
     </span>
     <span class='ocr_line' id='line_1_3' title="bbox 669 842 2194 957; baseline 0.002 -50"><span class='ocrx_word' id='word_1_13' title='bbox 669 848 813 909; x_wconf 82' lang='lat' dir='ltr'>Pars</span> <span class='ocrx_word' id='word_1_14' title='bbox 852 848 917 907; x_wconf 91' lang='lat' dir='ltr'>in</span> <span class='ocrx_word' id='word_1_15' title='bbox 962 848 1347 931; x_wconf 80' lang='lat' dir='ltr'>praecipites</span> <span class='ocrx_word' id='word_1_16' title='bbox 1387 842 1615 921; x_wconf 76' lang='lat' dir='ltr'>fossas,</span> <span class='ocrx_word' id='word_1_17' title='bbox 1662 866 1932 957; x_wconf 56' lang='lat' dir='ltr'>qrgente</span> <span class='ocrx_word' id='word_1_18' title='bbox 1973 849 2194 925; x_wconf 88' lang='lat' dir='ltr'>ruina,</span> 
     </span>
     <span class='ocr_line' id='line_1_4' title="bbox 672 962 2384 1050; baseline 0.001 -23"><span class='ocrx_word' id='word_1_19' title='bbox 672 964 1004 1027; x_wconf 73' lang='lat' dir='ltr'>Volvitur:</span> <span class='ocrx_word' id='word_1_20' title='bbox 1043 966 1333 1026; x_wconf 76' lang='lat' dir='ltr'>immissis</span> <span class='ocrx_word' id='word_1_21' title='bbox 1374 986 1515 1050; x_wconf 82' lang='lat' dir='ltr'>pars</span> <span class='ocrx_word' id='word_1_22' title='bbox 1550 986 1742 1029; x_wconf 87' lang='lat' dir='ltr'>caeca</span> <span class='ocrx_word' id='word_1_23' title='bbox 1780 983 1844 1028; x_wconf 92' lang='lat' dir='ltr'>et</span> <span class='ocrx_word' id='word_1_24' title='bbox 1886 966 2144 1029; x_wconf 90' lang='lat' dir='ltr'>concita</span> <span class='ocrx_word' id='word_1_25' title='bbox 2185 962 2384 1030; x_wconf 80' lang='lat' dir='ltr'>frenis</span> 
     </span>
     <span class='ocr_line' id='line_1_5' title="bbox 671 1082 2203 1171; baseline 0.004 -28"><span class='ocrx_word' id='word_1_26' title='bbox 671 1085 927 1145; x_wconf 78' lang='lat' dir='ltr'>Arietat</span> <span class='ocrx_word' id='word_1_27' title='bbox 972 1084 1039 1145; x_wconf 91' lang='lat' dir='ltr'>in</span> <span class='ocrx_word' id='word_1_28' title='bbox 1080 1099 1329 1168; x_wconf 80' lang='lat' dir='ltr'>portas,</span> <span class='ocrx_word' id='word_1_29' title='bbox 1370 1100 1434 1144; x_wconf 88' lang='lat' dir='ltr'>et</span> <span class='ocrx_word' id='word_1_30' title='bbox 1477 1082 1667 1146; x_wconf 84' lang='lat' dir='ltr'>duros</span> <span class='ocrx_word' id='word_1_31' title='bbox 1709 1084 1920 1149; x_wconf 90' lang='lat' dir='ltr'>obiice</span> <span class='ocrx_word' id='word_1_32' title='bbox 1961 1102 2203 1171; x_wconf 79' lang='lat' dir='ltr'>postes.</span> 
     </span>
    </p>

    <p class='ocr_par' dir='ltr' id='par_1_3' title="bbox 633 1200 2552 1763">
     <span class='ocr_line' id='line_1_6' title="bbox 668 1200 2135 1287; baseline 0.003 -25"><span class='ocrx_word' id='word_1_33' title='bbox 668 1204 853 1287; x_wconf 83' lang='lat' dir='ltr'>lpsae</span> <span class='ocrx_word' id='word_1_34' title='bbox 890 1200 969 1263; x_wconf 86' lang='lat' dir='ltr'>de</span> <span class='ocrx_word' id='word_1_35' title='bbox 1008 1203 1197 1264; x_wconf 85' lang='lat' dir='ltr'>muris</span> <span class='ocrx_word' id='word_1_36' title='bbox 1238 1223 1477 1263; x_wconf 85' lang='lat' dir='ltr'>summo</span> <span class='ocrx_word' id='word_1_37' title='bbox 1513 1206 1864 1267; x_wconf 83' lang='lat' dir='ltr'>certamine</span> <span class='ocrx_word' id='word_1_38' title='bbox 1907 1222 2135 1269; x_wconf 85' lang='lat' dir='ltr'>matres</span> 
     </span>
     <span class='ocr_line' id='line_1_7' title="bbox 633 1310 2548 1407; baseline 0.002 -26"><span class='ocrx_word' id='word_1_39' title='bbox 633 1318 985 1405; x_wconf 78' lang='lat' dir='ltr'>(Monstrat</span> <span class='ocrx_word' id='word_1_40' title='bbox 1006 1339 1174 1382; x_wconf 84' lang='lat' dir='ltr'>amor</span> <span class='ocrx_word' id='word_1_41' title='bbox 1192 1340 1374 1381; x_wconf 84' lang='lat' dir='ltr'>verus</span> <span class='ocrx_word' id='word_1_42' title='bbox 1394 1315 1675 1407; x_wconf 86' lang='lat' dir='ltr'>patriae)</span> <span class='ocrx_word' id='word_1_43' title='bbox 1707 1311 1754 1357; x_wconf 78' lang='lat'>&#39;¹¹‘</span> <span class='ocrx_word' id='word_1_44' title='bbox 1775 1338 1844 1383; x_wconf 85' lang='lat' dir='ltr'>nt</span> <span class='ocrx_word' id='word_1_45' title='bbox 1874 1320 2092 1385; x_wconf 82' lang='lat' dir='ltr'>videre</span> <span class='ocrx_word' id='word_1_46' title='bbox 2119 1310 2548 1399; x_wconf 66' lang='lat' dir='ltr'>Camillam‚*</span> 
     </span>
     <span class='ocr_line' id='line_1_8' title="bbox 670 1434 2383 1533; baseline 0.003 -36"><span class='ocrx_word' id='word_1_47' title='bbox 670 1434 829 1497; x_wconf 86' lang='lat' dir='ltr'>Tela</span> <span class='ocrx_word' id='word_1_48' title='bbox 866 1457 1053 1499; x_wconf 84' lang='lat' dir='ltr'>manu</span> <span class='ocrx_word' id='word_1_49' title='bbox 1097 1436 1381 1522; x_wconf 81' lang='lat' dir='ltr'><strong>trepidae</strong></span> <span class='ocrx_word' id='word_1_50' title='bbox 1424 1439 1712 1517; x_wconf 82' lang='lat' dir='ltr'>iaciunt3</span> <span class='ocrx_word' id='word_1_51' title='bbox 1753 1458 1824 1503; x_wconf 87' lang='lat' dir='ltr'>ac</span> <span class='ocrx_word' id='word_1_52' title='bbox 1865 1438 2093 1505; x_wconf 83' lang='lat' dir='ltr'>robore</span> <span class='ocrx_word' id='word_1_53' title='bbox 2129 1438 2288 1504; x_wconf 88' lang='lat' dir='ltr'>duro</span> <span class='ocrx_word' id='word_1_54' title='bbox 2375 1524 2383 1533; x_wconf 38' lang='lat'><strong>·</strong></span> 
     </span>
     <span class='ocr_line' id='line_1_9' title="bbox 678 1550 2395 1643; baseline 0.004 -29"><span class='ocrx_word' id='word_1_55' title='bbox 678 1552 1022 1639; x_wconf 67' lang='lat' dir='ltr'>stipitibus</span> <span class='ocrx_word' id='word_1_56' title='bbox 1062 1550 1298 1621; x_wconf 87' lang='lat' dir='ltr'>ferrum</span> <span class='ocrx_word' id='word_1_57' title='bbox 1337 1554 1736 1643; x_wconf 73' lang='lat' dir='ltr'>sudibusque</span> <span class='ocrx_word' id='word_1_58' title='bbox 1778 1560 2112 1621; x_wconf 84' lang='lat' dir='ltr'>imitantur</span> <span class='ocrx_word' id='word_1_59' title='bbox 2149 1556 2395 1621; x_wconf 76' lang='lat' dir='ltr'>obustis</span> 
     </span>
     <span class='ocr_line' id='line_1_10' title="bbox 671 1672 2552 1763; baseline 0.003 -30"><span class='ocrx_word' id='word_1_60' title='bbox 671 1672 1097 1757; x_wconf 77' lang='lat' dir='ltr'>Praecipites,</span> <span class='ocrx_word' id='word_1_61' title='bbox 1142 1676 1508 1763; x_wconf 80' lang='lat' dir='ltr'>primaeque</span> <span class='ocrx_word' id='word_1_62' title='bbox 1557 1677 1718 1737; x_wconf 87' lang='lat' dir='ltr'>mori</span> <span class='ocrx_word' id='word_1_63' title='bbox 1773 1696 1884 1761; x_wconf 87' lang='lat' dir='ltr'>pro</span> <span class='ocrx_word' id='word_1_64' title='bbox 1929 1674 2254 1739; x_wconf 85' lang='lat' dir='ltr'>moenibus</span> <span class='ocrx_word' id='word_1_65' title='bbox 2295 1674 2552 1741; x_wconf 83' lang='lat' dir='ltr'>ardent.</span> 
     </span>
    </p>

    <p class='ocr_par' dir='ltr' id='par_1_4' title="bbox 766 1792 2530 1888">
     <span class='ocr_line' id='line_1_11' title="bbox 766 1792 2530 1888; baseline 0.004 -37"><span class='ocrx_word' id='word_1_66' title='bbox 766 1792 1017 1855; x_wconf 78' lang='lat' dir='ltr'>Interea</span> <span class='ocrx_word' id='word_1_67' title='bbox 1056 1795 1337 1856; x_wconf 80' lang='lat' dir='ltr'>Turnum</span> <span class='ocrx_word' id='word_1_68' title='bbox 1382 1798 1448 1856; x_wconf 88' lang='lat' dir='ltr'>in</span> <span class='ocrx_word' id='word_1_69' title='bbox 1488 1792 1669 1857; x_wconf 78' lang='lat' dir='ltr'>silvis</span> <span class='ocrx_word' id='word_1_70' title='bbox 1709 1795 2110 1857; x_wconf 76' lang='lat' dir='ltr'>saevissimus</span> <span class='ocrx_word' id='word_1_71' title='bbox 2150 1792 2372 1879; x_wconf 86' lang='lat' dir='ltr'>implet</span> <span class='ocrx_word' id='word_1_72' title='bbox 2500 1814 2530 1888; x_wconf 71' lang='lat' dir='ltr'>e&#39;</span> 
     </span>
    </p>

    <p class='ocr_par' dir='ltr' id='par_1_5' title="bbox 672 1907 2514 2235">
     <span class='ocr_line' id='line_1_12' title="bbox 672 1907 2514 2001; baseline 0.002 -30"><span class='ocrx_word' id='word_1_73' title='bbox 672 1908 987 1987; x_wconf 85' lang='lat' dir='ltr'>Nuntius,</span> <span class='ocrx_word' id='word_1_74' title='bbox 1025 1926 1090 1973; x_wconf 94' lang='lat' dir='ltr'>et</span> <span class='ocrx_word' id='word_1_75' title='bbox 1130 1912 1348 1973; x_wconf 83' lang='lat' dir='ltr'>iuveni</span> <span class='ocrx_word' id='word_1_76' title='bbox 1390 1914 1710 2001; x_wconf 86' lang='lat' dir='ltr'>ingentem</span> <span class='ocrx_word' id='word_1_77' title='bbox 1753 1907 1876 1975; x_wconf 86' lang='lat' dir='ltr'>fert</span> <span class='ocrx_word' id='word_1_78' title='bbox 1921 1916 2092 1975; x_wconf 82' lang='lat' dir='ltr'>Acca</span> <span class='ocrx_word' id='word_1_79' title='bbox 2134 1912 2514 1975; x_wconf 86' lang='lat' dir='ltr'>tumultum:</span> 
     </span>
     <span class='ocr_line' id='line_1_13' title="bbox 676 2026 2341 2108; baseline 0.002 -18"><span class='ocrx_word' id='word_1_80' title='bbox 676 2026 937 2091; x_wconf 64' lang='lat' dir='ltr'>Deletae</span> <span class='ocrx_word' id='word_1_81' title='bbox 978 2027 1349 2092; x_wconf 81' lang='lat' dir='ltr'>Volscorum</span> <span class='ocrx_word' id='word_1_82' title='bbox 1386 2032 1589 2107; x_wconf 77' lang='lat' dir='ltr'>acies,</span> <span class='ocrx_word' id='word_1_83' title='bbox 1632 2028 1936 2093; x_wconf 80' lang='lat' dir='ltr'>cecidisse</span> <span class='ocrx_word' id='word_1_84' title='bbox 1975 2029 2341 2108; x_wconf 83' lang='lat' dir='ltr'>Camillam,</span> 
     </span>
     <span class='ocr_line' id='line_1_14' title="bbox 674 2144 2236 2235; baseline 0.002 -27"><span class='ocrx_word' id='word_1_85' title='bbox 674 2150 984 2235; x_wconf 86' lang='lat' dir='ltr'>Ingruere</span> <span class='ocrx_word' id='word_1_86' title='bbox 1022 2144 1298 2212; x_wconf 75' lang='lat' dir='ltr'>infensos</span> <span class='ocrx_word' id='word_1_87' title='bbox 1334 2146 1577 2227; x_wconf 75' lang='lat' dir='ltr'>hostes,</span> <span class='ocrx_word' id='word_1_88' title='bbox 1618 2165 1684 2211; x_wconf 91' lang='lat' dir='ltr'>et</span> <span class='ocrx_word' id='word_1_89' title='bbox 1723 2168 1918 2212; x_wconf 84' lang='lat' dir='ltr'>marte</span> <span class='ocrx_word' id='word_1_90' title='bbox 1959 2148 2236 2213; x_wconf 79' lang='lat' dir='ltr'>secundo</span> 
     </span>
    </p>

    <p class='ocr_par' dir='ltr' id='par_1_6' title="bbox 676 2264 2456 2948">
     <span class='ocr_line' id='line_1_15' title="bbox 676 2264 2456 2353; baseline 0.002 -26"><span class='ocrx_word' id='word_1_91' title='bbox 676 2268 897 2329; x_wconf 87' lang='lat' dir='ltr'>Omnia</span> <span class='ocrx_word' id='word_1_92' title='bbox 940 2268 1357 2353; x_wconf 84' lang='lat' dir='ltr'>corripuisse:</span> <span class='ocrx_word' id='word_1_93' title='bbox 1404 2284 1637 2331; x_wconf 88' lang='lat' dir='ltr'>metum</span> <span class='ocrx_word' id='word_1_94' title='bbox 1678 2268 1806 2333; x_wconf 88' lang='lat' dir='ltr'>iam</span> <span class='ocrx_word' id='word_1_95' title='bbox 1847 2267 1928 2331; x_wconf 88' lang='lat' dir='ltr'>ad</span> <span class='ocrx_word' id='word_1_96' title='bbox 1974 2270 2222 2333; x_wconf 86' lang='lat' dir='ltr'>moenia</span> <span class='ocrx_word' id='word_1_97' title='bbox 2263 2264 2456 2333; x_wconf 85' lang='lat' dir='ltr'>ferri.</span> 
     </span>
     <span class='ocr_line' id='line_1_16' title="bbox 678 2377 2449 2477; baseline 0.003 -33"><span class='ocrx_word' id='word_1_98' title='bbox 678 2381 799 2446; x_wconf 86' lang='lat' dir='ltr'>Ille</span> <span class='ocrx_word' id='word_1_99' title='bbox 834 2381 1051 2448; x_wconf 83' lang='lat' dir='ltr'>furens</span> <span class='ocrx_word' id='word_1_100' title='bbox 1085 2377 1203 2472; x_wconf 91' lang='lat' dir='ltr'>(et</span> <span class='ocrx_word' id='word_1_101' title='bbox 1243 2407 1429 2448; x_wconf 80' lang='lat' dir='ltr'>saeva</span> <span class='ocrx_word' id='word_1_102' title='bbox 1467 2388 1640 2449; x_wconf 79' lang='lat' dir='ltr'>Iovis</span> <span class='ocrx_word' id='word_1_103' title='bbox 1681 2387 1774 2449; x_wconf 75' lang='lat' dir='ltr'>sic</span> <span class='ocrx_word' id='word_1_104' title='bbox 1817 2389 2076 2450; x_wconf 86' lang='lat' dir='ltr'>numina</span> <span class='ocrx_word' id='word_1_105' title='bbox 2119 2406 2382 2473; x_wconf 81' lang='lat' dir='ltr'>poscunt</span> <span class='ocrx_word' id='word_1_106' title='bbox 2413 2384 2449 2477; x_wconf 92' lang='lat'><strong>)</strong></span> 
     </span>
     <span class='ocr_line' id='line_1_17' title="bbox 678 2500 2386 2594; baseline 0.005 -33"><span class='ocrx_word' id='word_1_107' title='bbox 678 2504 925 2565; x_wconf 85' lang='lat' dir='ltr'>Deserit</span> <span class='ocrx_word' id='word_1_108' title='bbox 966 2500 1247 2567; x_wconf 84' lang='lat' dir='ltr'>obsessos</span> <span class='ocrx_word' id='word_1_109' title='bbox 1283 2502 1513 2580; x_wconf 85' lang='lat' dir='ltr'>colles,</span> <span class='ocrx_word' id='word_1_110' title='bbox 1554 2524 1803 2569; x_wconf 83' lang='lat' dir='ltr'>nemora</span> <span class='ocrx_word' id='word_1_111' title='bbox 1847 2526 2070 2591; x_wconf 83' lang='lat' dir='ltr'>aspera</span> <span class='ocrx_word' id='word_1_112' title='bbox 2108 2506 2386 2594; x_wconf 88' lang='lat' dir='ltr'>linquit.</span> 
     </span>
     <span class='ocr_line' id='line_1_18' title="bbox 680 2621 2383 2710; baseline 0.004 -31"><span class='ocrx_word' id='word_1_113' title='bbox 680 2621 807 2682; x_wconf 81' lang='lat' dir='ltr'>Vix</span> <span class='ocrx_word' id='word_1_114' title='bbox 848 2641 883 2682; x_wconf 83' lang='lat' dir='ltr'>e</span> <span class='ocrx_word' id='word_1_115' title='bbox 917 2639 1263 2708; x_wconf 83' lang='lat' dir='ltr'>conspectu</span> <span class='ocrx_word' id='word_1_116' title='bbox 1306 2625 1587 2697; x_wconf 83' lang='lat' dir='ltr'>exierat,</span> <span class='ocrx_word' id='word_1_117' title='bbox 1631 2644 2047 2710; x_wconf 82' lang='lat' dir='ltr'>campumque</span> <span class='ocrx_word' id='word_1_118' title='bbox 2088 2624 2383 2701; x_wconf 85' lang='lat' dir='ltr'>tenebat,</span> 
     </span>
     <span class='ocr_line' id='line_1_19' title="bbox 677 2739 2362 2831; baseline 0.002 -30"><span class='ocrx_word' id='word_1_119' title='bbox 677 2741 883 2816; x_wconf 85' lang='lat' dir='ltr'>Quum</span> <span class='ocrx_word' id='word_1_120' title='bbox 923 2756 1111 2826; x_wconf 81' lang='lat' dir='ltr'>pater</span> <span class='ocrx_word' id='word_1_121' title='bbox 1153 2743 1429 2818; x_wconf 80' lang='lat' dir='ltr'>Aeneas,</span> <span class='ocrx_word' id='word_1_122' title='bbox 1469 2739 1673 2803; x_wconf 81' lang='lat' dir='ltr'>saltus</span> <span class='ocrx_word' id='word_1_123' title='bbox 1715 2745 2028 2831; x_wconf 78' lang='lat' dir='ltr'>ingressus</span> <span class='ocrx_word' id='word_1_124' title='bbox 2069 2761 2362 2828; x_wconf 80' lang='lat' dir='ltr'>apertos,</span> 
     </span>
     <span class='ocr_line' id='line_1_20' title="bbox 678 2857 2324 2948; baseline 0 -29"><span class='ocrx_word' id='word_1_125' title='bbox 678 2857 1166 2946; x_wconf 80' lang='lat' dir='ltr'>Exsuperatque</span> <span class='ocrx_word' id='word_1_126' title='bbox 1205 2861 1463 2948; x_wconf 86' lang='lat' dir='ltr'>iugum,</span> <span class='ocrx_word' id='word_1_127' title='bbox 1502 2859 1797 2946; x_wconf 78' lang='lat' dir='ltr'>silvaque</span> <span class='ocrx_word' id='word_1_128' title='bbox 1838 2859 2052 2923; x_wconf 79' lang='lat' dir='ltr'>evadit</span> <span class='ocrx_word' id='word_1_129' title='bbox 2097 2879 2324 2945; x_wconf 85' lang='lat' dir='ltr'>opaca.</span> 
     </span>
    </p>

    <p class='ocr_par' dir='ltr' id='par_1_7' title="bbox 680 2974 2344 3185">
     <span class='ocr_line' id='line_1_21' title="bbox 680 2974 2268 3064; baseline 0.001 -28"><span class='ocrx_word' id='word_1_130' title='bbox 680 2978 783 3038; x_wconf 89' lang='lat' dir='ltr'>Sic</span> <span class='ocrx_word' id='word_1_131' title='bbox 826 2975 1011 3040; x_wconf 87' lang='lat' dir='ltr'>ambo</span> <span class='ocrx_word' id='word_1_132' title='bbox 1049 2975 1129 3040; x_wconf 89' lang='lat' dir='ltr'>ad</span> <span class='ocrx_word' id='word_1_133' title='bbox 1170 2998 1379 3040; x_wconf 84' lang='lat' dir='ltr'>muros</span> <span class='ocrx_word' id='word_1_134' title='bbox 1422 2974 1628 3062; x_wconf 86' lang='lat' dir='ltr'>rapidi</span> <span class='ocrx_word' id='word_1_135' title='bbox 1672 2995 1941 3064; x_wconf 88' lang='lat' dir='ltr'>totoque</span> <span class='ocrx_word' id='word_1_136' title='bbox 1980 2974 2268 3063; x_wconf 42' lang='lat' dir='ltr'>feruntur</span> 
     </span>
     <span class='ocr_line' id='line_1_22' title="bbox 684 3091 2344 3185; baseline 0.001 -32"><span class='ocrx_word' id='word_1_137' title='bbox 684 3096 985 3184; x_wconf 77' lang='lat' dir='ltr'>Agmine,</span> <span class='ocrx_word' id='word_1_138' title='bbox 1028 3117 1141 3159; x_wconf 83' lang='lat' dir='ltr'>nec</span> <span class='ocrx_word' id='word_1_139' title='bbox 1185 3096 1395 3185; x_wconf 81' lang='lat' dir='ltr'>longis</span> <span class='ocrx_word' id='word_1_140' title='bbox 1435 3097 1603 3158; x_wconf 89' lang='lat' dir='ltr'>inter</span> <span class='ocrx_word' id='word_1_141' title='bbox 1646 3116 1712 3157; x_wconf 83' lang='lat' dir='ltr'>se</span> <span class='ocrx_word' id='word_1_142' title='bbox 1757 3091 2042 3181; x_wconf 77' lang='lat' dir='ltr'>passibus</span> <span class='ocrx_word' id='word_1_143' title='bbox 2083 3092 2344 3157; x_wconf 81' lang='lat' dir='ltr'>absunt:</span> 
     </span>
    </p>

    <p class='ocr_par' dir='ltr' id='par_1_8' title="bbox 676 3210 2488 4013">
     <span class='ocr_line' id='line_1_23' title="bbox 686 3210 2246 3300; baseline 0.001 -27"><span class='ocrx_word' id='word_1_144' title='bbox 686 3215 773 3274; x_wconf 78' lang='lat' dir='ltr'>Ac</span> <span class='ocrx_word' id='word_1_145' title='bbox 814 3213 1005 3276; x_wconf 77' lang='lat' dir='ltr'>simul</span> <span class='ocrx_word' id='word_1_146' title='bbox 1047 3218 1290 3277; x_wconf 81' lang='lat' dir='ltr'>Aeneas</span> <span class='ocrx_word' id='word_1_147' title='bbox 1332 3210 1645 3277; x_wconf 81' lang='lat' dir='ltr'>fumantes</span> <span class='ocrx_word' id='word_1_148' title='bbox 1686 3213 1950 3300; x_wconf 81' lang='lat' dir='ltr'>pulvere</span> <span class='ocrx_word' id='word_1_149' title='bbox 1991 3234 2246 3299; x_wconf 78' lang='lat' dir='ltr'>campos</span> 
     </span>
     <span class='ocr_line' id='line_1_24' title="bbox 688 3329 2330 3422; baseline 0.001 -32"><span class='ocrx_word' id='word_1_150' title='bbox 688 3332 1019 3416; x_wconf 77' lang='lat' dir='ltr'>Prospexit</span> <span class='ocrx_word' id='word_1_151' title='bbox 1060 3331 1287 3422; x_wconf 86' lang='lat' dir='ltr'>longe,</span> <span class='ocrx_word' id='word_1_152' title='bbox 1326 3334 1801 3419; x_wconf 82' lang='lat' dir='ltr'>Laurentiaque</span> <span class='ocrx_word' id='word_1_153' title='bbox 1839 3338 2094 3422; x_wconf 84' lang='lat' dir='ltr'>agmina</span> <span class='ocrx_word' id='word_1_154' title='bbox 2133 3329 2330 3403; x_wconf 83' lang='lat' dir='ltr'>vidit;</span> 
     </span>
     <span class='ocr_line' id='line_1_25' title="bbox 676 3450 2370 3540; baseline -0.001 -29"><span class='ocrx_word' id='word_1_155' title='bbox 676 3453 765 3524; x_wconf 68' lang='lat' dir='ltr'>Et</span> <span class='ocrx_word' id='word_1_156' title='bbox 802 3472 1055 3512; x_wconf 82' lang='lat' dir='ltr'>saevum</span> <span class='ocrx_word' id='word_1_157' title='bbox 1103 3454 1355 3514; x_wconf 75' lang='lat' dir='ltr'>Aenean</span> <span class='ocrx_word' id='word_1_158' title='bbox 1398 3450 1710 3540; x_wconf 79' lang='lat' dir='ltr'>adgnovit</span> <span class='ocrx_word' id='word_1_159' title='bbox 1753 3454 2005 3514; x_wconf 75' lang='lat' dir='ltr'>Turnus</span> <span class='ocrx_word' id='word_1_160' title='bbox 2046 3453 2110 3512; x_wconf 92' lang='lat' dir='ltr'>in</span> <span class='ocrx_word' id='word_1_161' title='bbox 2148 3451 2370 3522; x_wconf 81' lang='lat' dir='ltr'>armis,</span> 
     </span>
     <span class='ocr_line' id='line_1_26' title="bbox 687 3567 2488 3657; baseline -0.001 -28"><span class='ocrx_word' id='word_1_162' title='bbox 687 3567 1177 3655; x_wconf 77' lang='lat' dir='ltr'>Adventnmque</span> <span class='ocrx_word' id='word_1_163' title='bbox 1220 3570 1447 3656; x_wconf 85' lang='lat' dir='ltr'>pedum</span> <span class='ocrx_word' id='word_1_164' title='bbox 1493 3568 1812 3657; x_wconf 84' lang='lat' dir='ltr'>flatusque</span> <span class='ocrx_word' id='word_1_165' title='bbox 1848 3570 2102 3633; x_wconf 78' lang='lat' dir='ltr'>audivit</span> <span class='ocrx_word' id='word_1_166' title='bbox 2141 3589 2488 3654; x_wconf 87' lang='lat' dir='ltr'>equorum.</span> 
     </span>
     <span class='ocr_line' id='line_1_27' title="bbox 686 3667 2429 3778; baseline 0.001 -33"><span class='ocrx_word' id='word_1_167' title='bbox 686 3687 1135 3771; x_wconf 85' lang='lat' dir='ltr'>Continuoque</span> <span class='ocrx_word' id='word_1_168' title='bbox 1177 3688 1393 3752; x_wconf 87' lang='lat' dir='ltr'>ineant</span> <span class='ocrx_word' id='word_1_169' title='bbox 1440 3710 1711 3778; x_wconf 83' lang='lat' dir='ltr'>pugnas,</span> <span class='ocrx_word' id='word_1_170' title='bbox 1755 3705 1819 3750; x_wconf 92' lang='lat' dir='ltr'>et</span> <span class='ocrx_word' id='word_1_171' title='bbox 1865 3667 2118 3774; x_wconf 24' lang='lat' dir='ltr'>proelia·</span> <span class='ocrx_word' id='word_1_172' title='bbox 2149 3701 2429 3761; x_wconf 84' lang='lat' dir='ltr'>tentent.·,</span> 
     </span>
     <span class='ocr_line' id='line_1_28' title="bbox 686 3800 2290 3898; baseline -0.001 -32"><span class='ocrx_word' id='word_1_173' title='bbox 686 3805 771 3866; x_wconf 86' lang='lat' dir='ltr'>Ni</span> <span class='ocrx_word' id='word_1_174' title='bbox 815 3824 1027 3868; x_wconf 75' lang='lat' dir='ltr'>roseus</span> <span class='ocrx_word' id='word_1_175' title='bbox 1066 3800 1261 3868; x_wconf 75' lang='lat' dir='ltr'>fessos</span> <span class='ocrx_word' id='word_1_176' title='bbox 1302 3807 1423 3869; x_wconf 84' lang='lat' dir='ltr'>iam</span> <span class='ocrx_word' id='word_1_177' title='bbox 1464 3811 1729 3898; x_wconf 82' lang='lat' dir='ltr'>gurgite</span> <span class='ocrx_word' id='word_1_178' title='bbox 1769 3803 2059 3870; x_wconf 86' lang='lat' dir='ltr'>Phoebus</span> <span class='ocrx_word' id='word_1_179' title='bbox 2103 3801 2290 3866; x_wconf 87' lang='lat' dir='ltr'>Ibero</span> 
     </span>
     <span class='ocr_line' id='line_1_29' title="bbox 689 3917 2398 4013; baseline -0.003 -29"><span class='ocrx_word' id='word_1_180' title='bbox 689 3927 929 4013; x_wconf 85' lang='lat' dir='ltr'>Tingat</span> <span class='ocrx_word' id='word_1_181' title='bbox 969 3945 1200 4011; x_wconf 80' lang='lat' dir='ltr'>equos,</span> <span class='ocrx_word' id='word_1_182' title='bbox 1244 3943 1621 4013; x_wconf 85' lang='lat' dir='ltr'>noctemque</span> <span class='ocrx_word' id='word_1_183' title='bbox 1660 3923 1766 3990; x_wconf 85' lang='lat' dir='ltr'>die</span> <span class='ocrx_word' id='word_1_184' title='bbox 1803 3920 2060 3985; x_wconf 87' lang='lat' dir='ltr'>labente</span> <span class='ocrx_word' id='word_1_185' title='bbox 2101 3917 2398 3982; x_wconf 85' lang='lat' dir='ltr'>reducat.</span> 
     </span>
    </p>
   </div>
   <div class='ocr_carea' id='block_1_3' title="bbox 688 4037 2509 4119">
    <p class='ocr_par' dir='ltr' id='par_1_9' title="bbox 688 4037 2509 4119">
     <span class='ocr_line' id='line_1_30' title="bbox 688 4037 2509 4119; baseline -0.002 -16"><span class='ocrx_word' id='word_1_186' title='bbox 688 4041 1039 4107; x_wconf 87' lang='lat' dir='ltr'>Considunt</span> <span class='ocrx_word' id='word_1_187' title='bbox 1081 4047 1307 4108; x_wconf 83' lang='lat' dir='ltr'>castris</span> <span class='ocrx_word' id='word_1_188' title='bbox 1346 4063 1494 4108; x_wconf 79' lang='lat' dir='ltr'>ante</span> <span class='ocrx_word' id='word_1_189' title='bbox 1534 4041 1795 4119; x_wconf 80' lang='lat' dir='ltr'>urbem,</span> <span class='ocrx_word' id='word_1_190' title='bbox 1824 4057 1893 4104; x_wconf 85' lang='lat' dir='ltr'>et</span> <span class='ocrx_word' id='word_1_191' title='bbox 1935 4040 2188 4104; x_wconf 87' lang='lat' dir='ltr'>moenia</span> <span class='ocrx_word' id='word_1_192' title='bbox 2230 4037 2509 4102; x_wconf 82' lang='lat' dir='ltr'>vallant.</span> 
     </span>
    </p>
   </div>
  </div>
 </body>
</html>
