3400 5175
979 612 1046 686 6

1637 638 2284 693 P.v1301L11
2588 616 2693 719 75

1094 770 1190 830 Ne
1235 766 1494 830 turbata
1540 768 1758 831 volent
1802 770 2041 854 rapidis
2080 769 2361 833 ludibria
2402 775 2641 834 ventis.

1093 890 1241 973 Ipsa
1279 909 1463 949 canas
1505 910 1644 949 oro,
1687 891 1901 951 Finem
1944 887 2119 952 dedit
2164 911 2269 951 ore
2314 889 2653 977 loquendi.

1189 1008 1309 1083 At,
1353 1003 1592 1069 Phoebi
1639 1006 1915 1069 nondum
1956 1013 2241 1092 patiens,
2288 1012 2575 1071 immanis
2618 1011 2683 1071 in
2726 1022 2905 1071 antro

1094 1122 1450 1187 Bacchatur
1489 1145 1699 1201 vateS,
1747 1149 2037 1215 magnum
2077 1130 2127 1188 si
2172 1146 2431 1213 pectore
2473 1134 2668 1214 possit

1093 1246 1458 1306 Excussisse
1489 1238 1702 1306 deum}
1753 1263 1931 1308 tanto
1972 1248 2171 1335 magis
2208 1247 2319 1310 ille
2358 1244 2597 1337 fatigat

1091 1367 1174 1425 Os
1208 1362 1534 1440 rabidum,
1555 1359 1689 1427 fera
1718 1363 1912 1428 corda
1948 1363 2235 1442 domans,
2261 1364 2576 1456 fingitque
2609 1366 2975 1452 premendo·

1089 1486 1269 1546 Ostia
1310 1485 1562 1569 iamque
1602 1482 1823 1546 domus
1864 1501 2122 1569 patuere
2166 1488 2451 1576 ingentia
2489 1504 2739 1550 centum

1090 1606 1330 1689 Sponte
1373 1622 1522 1677 sua,
1562 1603 1862 1688 vatisque
1901 1599 2119 1666 ferunt
2161 1628 2454 1691 responsa
2496 1629 2607 1693 per
2645 1629 2855 1669 auras.

1095 1724 1147 1782 Ο
1185 1718 1434 1782 tandem
1477 1723 1720 1809 magnis
1763 1720 1979 1810 pelagi
2016 1720 2315 1787 defuncte
2356 1718 2641 1809 periclis!

1093 1840 1214 1902 Sed
1257 1857 1428 1901 terra
1472 1841 1769 1927 graviora
1808 1858 2091 1902 manent.
2136 1846 2209 1903 In
2246 1864 2440 1931 regna
2485 1844 2709 1905 Lavini

1093 1957 1492 2021 Dardanidae
1532 1960 1828 2034 venient3
1876 1962 2055 2022 mitte
2097 1957 2259 2023 hanc
2300 1959 2377 2022 de
2418 1978 2674 2047 pectore
2713 1980 2957 2022 curam:

1095 2076 1216 2141 Sed
1255 2100 1378 2139 non
1419 2095 1482 2139 et
1519 2079 1765 2139 venisse
1804 2077 2052 2142 volent.
2096 2080 2301 2157 Bell'a,
2345 2077 2600 2143 horrida
2638 2078 2843 2156 bella,

1092 2200 1173 2259 Et
1215 2193 1525 2283 Thybrim
1571 2195 1775 2259 multo
1812 2214 2204 2283 spumantem
2246 2202 2556 2289 sanguine
2598 2220 2814 2262 cerno⁴

1091 2319 1234 2379 Non
1272 2318 1501 2378 Simois
1538 2315 1695 2392 tibi,
1738 2338 1850 2379 nec
1894 2316 2223 2393 Xanthus,
2265 2339 2379 2381 nec
2418 2318 2649 2381 Dorica
2690 2336 2897 2381 castra

1093 2432 1468 2499 Defuerint.
1513 2435 1695 2497 Alius
1740 2436 1924 2498 Latio
1965 2439 2088 2498 iam
2130 2452 2345 2522 partus
2388 2433 2705 2512 Achilles,

1091 2560 1296 2620 Natus
1333 2576 1394 2619 et
1439 2558 1571 2644 ipse
1611 2555 1761 2620 dea:
1798 2578 1912 2620 nec
1950 2532 2222 2620 ‘Teucris
2262 2554 2483 2620 addita
2524 2560 2685 2618 Iuno

1091 2681 1367 2766 Vsquam
1411 2676 1650 2741 aberit:
1695 2701 1891 2766 quum
1932 2695 2005 2738 tu
2047 2673 2317 2760 supplex
2360 2675 2428 2736 in
2467 2672 2653 2737 rebus
2694 2674 2908 2762 egenis

1087 2799 1254 2876 Quas
1297 2815 1519 2886 gentes
1564 2794 1825 2873 Italum,
1870 2814 1980 2858 aut
2024 2817 2181 2881 quas
2222 2817 2345 2856 nou
2384 2795 2666 2856 oraveris
2708 2787 2922 2856 urbes!

1089 2918 1325 2977 Caussa
1366 2914 1516 2976 mali
1559 2917 1722 2976 tanti
1765 2917 1999 2977 coniux
2040 2915 2305 2987 iterum,
2342 2908 2603 2995 hospita
2642 2914 2936 2989 Teucris,

1089 3037 1486 3119 Externique
1530 3035 1759 3094 iterum
1799 3030 2102 3093 thalami.

1091 3155 1189 3213 Tu
1231 3174 1303 3212 ne
1343 3149 1498 3214 cede
1540 3150 1750 3212 malis:
1792 3150 1897 3212 sed
1940 3166 2163 3211 contra
2197 3147 2533 3212 audentior
2570 3153 2692 3228 ito,

1089 3273 1228 3347 Qua
1273 3287 1384 3330 tua
1425 3287 1489 3332 te
1527 3273 1803 3332 Fortuna
1840 3271 2041 3332 sinet.
2084 3269 2201 3330 via
2243 3271 2442 3353 prima
2478 3269 2737 3345 salutis,

1091 3387 1272 3467 Quod
1315 3390 1566 3450 minime
1611 3391 1807 3463 reris,
1848 3389 2037 3449 Graia
2079 3385 2392 3472 pandetur
2434 3385 2515 3450 ab
2555 3387 2745 3451 urbe.

1190 3505 1456 3570 Talibus
1493 3529 1568 3570 ex
1617 3507 1819 3596 adyto
1856 3507 2048 3572 dictis
2086 3509 2355 3569 Cumaea
2400 3505 2651 3594 Sibylla

1090 3624 1447 3688 Horrendas
1487 3629 1662 3689 canit
1702 3627 2033 3717 ambages,
2078 3644 2388 3714 antroque
2430 3627 2738 3714 remugit,

1089 3744 1391 3810 Obscuris
1429 3768 1580 3809 vera
1621 3747 1989 3810 involvens:
2028 3769 2099 3809 ea
2140 3741 2315 3808 frena
2364 3741 2601 3807 furenti

1085 3863 1424 3938 Concutit,
1465 3883 1526 3924 et
1573 3865 1863 3926 stimulos
1901 3863 2019 3928 sub
2060 3883 2320 3952 pectore
2358 3865 2555 3926 vertit
2602 3861 2865 3948 Apollo.

1089 3983 1170 4041 Vt
1213 3982 1482 4067 primum
1529 3985 1719 4046 cessit
1758 3979 1966 4063 furor,
2006 4005 2069 4049 et
2114 3983 2342 4050 rabida
2384 4006 2491 4048 ora
2532 3985 2875 4071 quiet-unu
