3400 5175
950 630 1411 687 ⁴intumos
1474 632 1649 687 mn.
1721 634 1850 687 xr.
1993 608 2156 689 383
2284 612 2437 715 ¹73

554 762 823 827 Proinde
864 778 1019 825 tona
1056 764 1353 851 eloquio,
1393 764 1652 828 solitum
1691 764 1854 843 tibi;
1899 786 2124 853 meque
2163 769 2414 831 timoris

552 886 767 970 Argue
808 898 915 960 tu,
952 886 1244 961 Drance;
1284 884 1541 971 quando
1584 902 1679 948 tot
1723 890 1950 976 stragis
1989 908 2253 950 acervos

551 998 935 1064 Te'ucrorum
977 1017 1091 1093 tua
1134 1000 1364 1064 dextra
1402 1000 1615 1081 dedit,
1658 1008 2020 1095 passimque
2059 1006 2339 1091 tropaeis

552 1122 828 1210 Insignis
871 1141 1091 1210 agros.
1146 1122 1347 1183 Possit
1390 1120 1547 1207 quid
1588 1122 1810 1187 vivida
1851 1125 2087 1201 virtus,

550 1242 894 1326 Experiare
936 1238 1122 1303 licet:
1169 1260 1281 1302 nec
1324 1236 1513 1329 longe
1556 1238 1806 1302 scilicet
1851 1237 2065 1305 hostes

546 1356 911 1437 Quaerendi
948 1356 1161 1421 nobis:
1200 1359 1610 1420 circumstant
1657 1356 1946 1444 undique
1986 1380 2227 1422 muros.

546 1478 719 1539 Imus
756 1479 827 1539 in
866 1476 1195 1540 adversos.
1248 1474 1417 1556 Quid
1455 1469 1709 1539 cessas?
1753 1498 1830 1539 an
1866 1474 1989 1543 tibi
2031 1480 2296 1541 Mavors

544 1598 819 1658 Ventosa
858 1597 925 1658 in
965 1594 1188 1686 lingua
1227 1592 1633 1681 pedibusque
1672 1588 2014 1683 fugacibus
2055 1596 2198 1657 istis

542 1714 801 1799 Semper
841 1716 967 1776 erit
996 1706 1027 1776 ἲ

542 1831 765 1895 Pulsus
801 1825 970 1923 ego?
1012 1851 1125 1895 aut
1166 1833 1507 1920 quisquam
1546 1833 1808 1908 merito,
1848 1827 2241 1906 foedissime,
2278 1828 2526 1921 pulsum

542 1955 818 2041 Arguet,
859 1950 1067 2015 Iliaco
1106 1949 1421 2017 tumidum
1464 1954 1581 2039 qui
1620 1972 1902 2015 crescere
1941 1947 2256 2039 Thybrim

536 2072 889 2161 Sanguine,
930 2088 997 2135 et
1038 2070 1323 2137 Euandri
1370 2088 1571 2135 totam
1610 2093 1752 2135 cum
1794 2073 1992 2159 stirpe
2030 2066 2283 2134 videbit

538 2185 957 2254 Procubuisse
991 2186 1285 2266 domum,
1325 2206 1527 2278 atque
1567 2208 1794 2253 exutos
1835 2187 2114 2253 Arcadas
2153 2179 2392 2251 armis?

540 2306 729 2371 Haud
768 2310 867 2371 ita
905 2330 1003 2371 me
1044 2312 1301 2396 experti
1340 2312 1543 2373 Bitias
1582 2325 1648 2371 et
1690 2306 2016 2372 Pandarus
2055 2310 2312 2399 ingens,

536 2428 617 2489 Et
656 2447 817 2515 quos
856 2425 1031 2492 mille
1070 2428 1177 2493 die
1213 2431 1425 2493 victor
1462 2424 1583 2491 sub
1620 2428 1898 2489 Tartara
1941 2427 2130 2505 misi,

536 2545 823 2610 Inclusus
863 2550 1055 2612 muris
1096 2545 1451 2637 hostilique
1492 2567 1730 2638 aggere
1767 2561 2054 2631 saeptus.

532 2665 727 2730 Nulla
766 2665 934 2730 salus
970 2667 1178 2732 bello.
1227 2669 1447 2753 Capiti
1488 2687 1646 2729 cane
1684 2663 1843 2726 talia
1887 2661 2139 2726 demens

532 2783 888 2862 Dardanio,
930 2785 1245 2875 rebusque
1285 2789 1451 2850 tuis.
1494 2781 1766 2848 Proinde
1805 2784 2017 2844 omnia
2049 2801 2282 2870 magno

534 2906 629 2966 Ne
670 2925 845 2968 cessa
888 2904 1145 2969 turbare
1183 2922 1389 2980 metu,
1428 2921 1629 2990 atque
1670 2901 1985 2967 extollere
2022 2903 2189 2965 vires

530 3023 756 3084 Gentis
797 3021 887 3086 bis
930 3030 1181 3100 victae3
1222 3041 1444 3088 contra
1490 3045 1773 3108 premere
1815 3041 1987 3084 arma
2031 3019 2275 3082 Latini.

530 3141 715 3208 Nunc
732 3159 794 3203 et
816 3139 1289 3229 Myrmidonum
1312 3164 1603 3228 proceres
1622 3139 1908 3232 Phrygia
1927 3161 2098 3203 arma
2120 3138 2522 3215 tremiscunt;

530 3261 711 3322 Nunc
749 3276 811 3322 et
855 3257 1175 3347 Tydides,
1216 3279 1279 3322 et
1326 3264 1687 3324 Larissaeus
1729 3259 2049 3323 Achilles:

529 3381 745 3438 Amnis
782 3397 847 3438 et
887 3377 1237 3444 Hadriacas
1279 3401 1447 3442 retro
1489 3376 1679 3468 fugit·
1706 3377 1966 3442 Aufidus
2007 3377 2240 3442 undas.

527 3497 647 3558 Vel
690 3519 887 3584 quum
926 3520 991 3560 se
1030 3498 1336 3583 pavidum
1381 3516 1607 3563 contra
1643 3521 1778 3562 mea
1819 3499 2033 3589 iurgia
2067 3493 2252 3587 fingit
2280 3542 2300 3573 ,

528 3614 811 3684 Artificis
850 3618 1089 3693 scelus,
1132 3633 1197 3680 et
1239 3614 1580 3682 formidine
1620 3619 1860 3681 crimen
1901 3615 2196 3681 acerbat.

526 3734 869 3824 Nunquam
913 3735 1393 3802 animnmtalem
1417 3738 1647 3803 dextra
1685 3734 1804 3801 bac
1830 3729 2105 3823 (absiste
2147 3729 2428 3823 moveri)

520 3853 822 3916 Amittes:
865 3850 1113 3918 habitet
1158 3873 1415 3934 tecum,
1454 3875 1521 3920 et
1565 3859 1647 3919 sit
1694 3871 1956 3942 pectore
1997 3855 2062 3915 in
2105 3857 2257 3915 isto.

516 3971 697 4034 Nunc
738 3969 819 4034 ad
862 3989 959 4049 te,
990 3989 1054 4036 et
1078 3991 1187 4038 tua
1206 3995 1467 4066 magna,
1513 3992 1732 4062 pater,
1775 3971 2072 4037 consulta
2107 3987 2418 4034 revertor.
