3400 5175
1247 546 1417 637 PV
1439 550 1721 637 BLII

769 801 1381 907 VIRGILII
1501 803 2165 909 MARONIS

1099 1084 1823 1165 AENEIDOS

986 1370 1352 1437 LIBER
1445 1367 1937 1443 SEXTVS.

1124 1582 1794 1625 mm

561 1822 728 1968 Sic
769 1900 942 1967 fatur
983 1903 1374 1992 lacrymans,
1414 1903 1735 1993 classique
1772 1903 2067 1967 immittit
2111 1899 2421 1985 habenas,

563 2026 650 2085 Et
694 2022 944 2086 tandem
988 2021 1296 2086 Euboicis
1332 2026 1674 2087 Cumarum
1712 2022 2035 2088 adlabitur
2078 2029 2238 2088 oris.

565 2140 924 2205 Obvertunt
967 2140 1197 2230 pelago
1236 2163 1482 2227 proras:
1526 2161 1658 2205 turn
1694 2142 1887 2207 dente
1928 2147 2145 2207 tenaci

565 2264 816 2323 Ancora
854 2257 1164 2323 fundabat
1205 2281 1430 2337 naves,
1470 2277 1533 2321 et
1577 2260 1771 2339 lit'ora
1812 2283 2049 2325 curvae

561 2382 949 2441 Praetexunt
992 2400 1270 2465 puppes:
1312 2382 1615 2441 iuvenum
1657 2402 1877 2443 manus
1919 2382 2145 2442 emicat
2188 2378 2411 2442 ardens

559 2500 748 2561 Litus
784 2500 850 2561 in
893 2500 1298 2584 Hesperium:
1342 2499 1594 2584 quaerit
1637 2521 1779 2585 pars
1818 2500 2051 2561 semina
2094 2495 2371 2561 flammae

563 2617 878 2682 Abstrusa
919 2620 984 2679 in
1023 2621 1206 2680 venis
1242 2616 1480 2681 silicis:
1525 2639 1672 2704 pars
1712 2617 1903 2680 densa
1942 2613 2221 2679 ferarum

565 2739 770 2800 Tecta
811 2738 1012 2822 rapit,
1053 2737 1286 2814 silvas3
1331 2739 1721 2822 inventaque
1763 2733 2025 2796 flumina
2060 2750 2395 2796 monstrat.

567 2859 656 2917 At
698 2857 842 2940 pius
882 2859 1126 2918 Aeneas
1168 2877 1372 2932 arces,
1415 2853 1650 2942 quibus
1690 2852 1862 2914 altus
1896 2849 2131 2938 Apollo

566 2972 926 3050 Praesidet,
964 2971 1446 3061 horrendaeque
1485 2971 1713 3058 procul
1752 2987 1997 3034 secreta
2033 2965 2356 3056 Sibyllae,

565 3095 834 3154 Antrum
849 3093 1137 3170 immane,
1151 3095 1338 3177 petit:
1352 3113 1638 3180 magnam
1653 3093 1761 3152 cui
1776 3107 2041 3153 mentem
2057 3089 2459 3176 animumque

563 3209 792 3272 Delius
829 3211 1100 3296 inspirat
1141 3228 1356 3286 vate8‚
1401 3213 1737 3297 aperitque
1776 3205 2027 3272 futura.

567 3331 698 3391 Iam
738 3327 1012 3392 subeunt
1045 3331 1309 3392 Triviae
1349 3329 1556 3406 lucos,
1598 3347 1796 3416 atque
1838 3350 2029 3392 aurea
2069 3346 2261 3392 tecta.

659 3445 1016 3525 Daedalus,
1059 3465 1131 3510 ut
1170 3445 1336 3511 fama
1377 3466 1508 3524 est,
1553 3444 1811 3536 fugiens
1850 3451 2100 3511 Minoia
2140 3469 2367 3538 regna,

565 3563 982 3650 Praepetibus
1019 3569 1245 3652 pennis
1287 3589 1476 3630 ausus
1511 3585 1576 3628 se
1616 3565 1875 3628 credere
1914 3566 2127 3643 caele,

564 3683 888 3745 Insuetum
934 3705 1044 3770 per
1086 3687 1212 3747 iter
1253 3685 1504 3776 gelidas
1543 3687 1763 3750 enavit
1806 3684 1886 3747 ad
1924 3691 2189 3759 Arctos,

565 3797 1070 3891 Chalcidicaque
1109 3803 1270 3868 levis
1310 3803 1562 3870 tandem
1601 3803 2047 3890 superadstitit
2086 3823 2263 3864 arce.

562 3916 883 3982 Redditus
927 3918 1026 4002 bis
1065 3925 1333 4009 primum
1378 3927 1596 4002 terris,
1640 3923 1801 3999 tibi,
1846 3918 2139 3998 Phoebe,
2178 3925 2464 3986 sacravit
