3400 5175
866 599 1320 655 strennos
1380 600 1554 657 mn.
1617 601 1788 657 ΧΠ.
1891 577 2048 655 832
2167 578 2326 657 223

458 736 811 795 Sermonem
854 736 1119 796 Ausonii
1155 736 1433 819 patrium
1476 751 1804 819 moresque
1847 731 2197 810 tenebunt;

458 856 677 939 thne
716 870 847 929 est,
888 872 1111 915 nomen
1148 854 1301 913 erit:
1340 852 1671 914 commixti
1711 871 1974 936 corpore
2015 868 2260 915 tantum

462 968 802 1035 Subsident
848 972 1121 1035 Teucri.
1158 974 1399 1035 Morem
1438 973 1726 1056 ritusque
1766 991 2082 1033 sacrorum

462 1088 813 1163 Adiiciam‚
854 1085 1217 1175 faciamque
1256 1110 1467 1152 omues
1502 1110 1627 1152 uno
1666 1091 2112 1153 ore-Latinos.

457 1208 623 1269 Hinc
650 1228 885 1298 genus,
912 1209 1191 1271 Ausonio
1214 1210 1481 1272 mixtum
1502 1206 1675 1297 quod
1709 1210 2018 1299 sanguine
2033 1224 2282 1298 surget,

458 1326 665 1411 Supra
702 1322 1019 1402 homines,
1060 1346 1253 1411 supra
1291 1328 1385 1389 ire
1427 1324 1573 1390 deos
1613 1332 1852 1414 pietate
1888 1325 2175 1407 videbis3

460 1442 595 1505 Nec
636 1462 789 1531 gens
830 1442 965 1505 ulla
1006 1461 1147 1506 tuos
1185 1464 1389 1531 aeque
1430 1445 1781 1510 celebrabit
1815 1443 2117 1509 honores.

460 1558 707 1623 Adnuit
746 1558 851 1623 his
888 1565 1085 1639 luno,
1124 1579 1186 1625 et
1231 1580 1501 1626 mentem
1538 1564 1784 1627 laetata
1823 1566 2113 1627 retorsit.

458 1673 714 1743 Interea
752 1679 1007 1749 excedit
1044 1679 1257 1759 caelo,
1294 1679 1653 1769 nubemque
1692 1682 1990 1771 reliquit.

532 1800 680 1860 .His
718 1802 916 1876 actis,
957 1798 1139 1863 aliud
1178 1801 1447 1864 Genitor
1482 1822 1692 1865 secun
1731 1803 1868 1887 ipse
1905 1799 2196 1865 volutat:

462 1918 924 2006 Iuturnamque
964 1936 1147 2005 parat
1189 1915 1410 1981 fratris
1446 1916 1772 1983 dimittere
1812 1918 1894 1984 ab
1935 1920 2160 1983 armis.

464 2035 784 2107 Dicuntur
822 2040 1108 2126 geminae
1144 2054 1355 2124 pestes
1392 2040 1766 2127 cognomine
1807 2041 1996 2102 Dirae

456 2156 627 2233 Quas
662 2170 727 2215 et
768 2156 1135 2218 Tartaream
1176 2158 1317 2218 Nox
1356 2158 1734 2242 intempesta
1777 2160 2140 2246 Megaeram

461 2274 606 2336 'Vno
638 2270 991 2361 ‚eodemque
1034 2275 1186 2337 tulit
1229 2291 1449 2360 partu,
1489 2272 1878 2363 paribusque
1917 2277 2200 2339 revinxit

463 2392 837 2477 Serpentum
872 2395 1098 2479 spiris,
1137 2414 1555 2481 ventosasque
1595 2392 1848 2457 addidit
1887 2392 2054 2459 alas.

463 2511 603 2573 Hae
638 2512 813 2576 Iovis
853 2510 937 2575 ad
972 2511 1235 2589 solium,
1270 2514 1579 2603 saevique
1620 2512 1687 2575 in
1727 2511 1948 2575 limine
1982 2515 2188 2603 regis,

464 2635 833 2720 Apparent,
872 2650 1241 2720 acuuntque
1284 2649 1517 2696 metum
1558 2629 1934 2694 mortalibus
1971 2632 2204 2719 aegris,

462 2753 531 2814 si
568 2751 824 2840 quando
864 2751 1059 2816 letum
1100 2749 1465 2814 horrificum
1504 2747 1883 2836 morbosque
1919 2743 2103 2813 deum
2143 2767 2252 2811 rex

467 2869 771 2948 Molitur,
809 2874 1059 2936 meritas
1098 2889 1211 2934 aut
1252 2868 1423 2935 bello
1465 2871 1726 2932 territat
1769 2863 1990 2930 urbes.

463 2991 703 3052 Harum
741 3011 929 3052 unam
968 2988 1235 3052 celerem
1274 2987 1529 3054 demisit
1571 2983 1653 3049 ab
1694 2981 1951 3048 aethere
1989 3003 2226 3046 summo

462 3109 791 3193 Iuppiter,
832 3111 1023 3195 inque
1056 3129 1242 3171 omen
1290 3109 1599 3170 Iuturnae
1639 3123 1972 3166 occurrere
2007 3103 2242 3165 iussit..

465 3224 591 3287 Illa
629 3223 835 3303 volat,
878 3226 1197 3314 celerique
1240 3223 1318 3288 ad
1362 3243 1593 3289 terram
1637 3221 1890 3288 turbine
1928 3217 2166 3286 fertur:

464 3345 608 3408 Non
648 3366 861 3422 secus,
896 3365 969 3408 ac
1011 3365 1205 3408 nervo
1247 3364 1357 3431 per
1394 3341 1625 3406 nubem
1664 3341 1936 3428 impulsa
1969 3341 2248 3430 sagitta3

465 3467 785 3526 Armatam
822 3467 997 3526 saevi
1038 3460 1305 3526 Parthus
1343 3483 1536 3551 quam
1576 3456 1730 3525 felle
1764 3457 2028 3536 veneni,

462 3578 737 3645 Parthus
778 3585 911 3646 sive
950 3581 1210 3673 Cydon,
1251 3582 1446 3646 telum
1484 3577 1991 3654 immedicabile,
2034 3578 2254 3654 torsit;

462 3699 745 3766 Stridens
778 3719 845 3765 et
879 3701 1117 3766 celeres
1152 3702 1481 3790 incognita
1524 3700 1800 3764 transilit
1840 3717 2055 3760 auras.

466 3820 641 3884 Talis
677 3843 741 3883 se
781 3839 921 3886 sata
964 3823 1166 3885 Nocte
1206 3821 1397 3906 tulit,
1440 3835 1771 3906 terrasque
1807 3814 2079 3902 petivit.

462 3931 797 4027 'Postquam
840 3941 1009 4004 acies
1046 3937 1225 4006 ridet
1265 3938 1495 4006 Iliacas
1533 3957 1731 4026 atque
1771 3935 2030 4025 agmina
2063 3925 2300 4008 Turni;
