3400 5175
825 638 1291 695 animnos
1380 641 1553 693 Lm.
1640 642 1770 695 11.
1891 647 2040 721 271
2181 622 2330 697 105

436 778 701 861 Insuper
728 770 880 849 his,
922 774 1134 856 campi
1174 772 1348 858 quod
1392 794 1499 834 rex
1544 770 1741 835 habet
1787 777 1922 859 ipse
1963 778 2262 839 Latinus.

438 898 537 957 Tu
578 914 767 970 vere,
812 914 951 955 mea
994 916 1181 979 quem
1224 893 1451 975 spatiis
1492 894 1900 979 propioribus
1939 914 2114 959 aetas

446 1016 855 1099 Insequitur,
900 1010 1251 1075 venerande
1296 1034 1493 1097 puer,
1536 1014 1659 1075 iam
1708 1034 1962 1099 pectore
2005 1034 2143 1078 toto

438 1134 740 1219 Accipio,
782 1150 847 1193 et
890 1134 1183 1194 comitem
1223 1154 1401 1194 casus
1439 1132 1830 1217 complector
1870 1136 1936 1196 in
1977 1156 2224 1198 omnes·

444 1250 643 1314 Nulla
686 1252 843 1313 meis
880 1253 1016 1313 sine
1056 1270 1116 1312 te
1154 1270 1499 1337 quaeretur
1537 1251 1744 1341 gloria
1777 1252 2000 1331 rebu83

440 1376 559 1433 Seu
602 1392 862 1455 pacem,
903 1392 1013 1432 seu
1054 1369 1225 1432 bella
1264 1392 1512 1459 geram:
1552 1371 1676 1435 tibi
1717 1375 1990 1435 maxima
2031 1396 2236 1435 rerum

442 1489 923 1576 verborumque
965 1488 1145 1553 fides.
1188 1493 1425 1551 Contra
1469 1512 1659 1575 quem
1700 1490 1860 1553 talia
1899 1487 2070 1553 fatur

444 1610 801 1697 Euryalus:
846 1613 953 1671 Me
995 1608 1171 1671 nulla
1213 1604 1349 1671 dies
1393 1627 1515 1670 tarn
1556 1604 1838 1672 fortibus
1876 1611 2044 1671 ausis

442 1729 825 1792 Dissimilem
865 1732 1191 1817 arguerit3
1236 1746 1519 1791 tantum:
1568 1732 1846 1791 Fortuna
1884 1728 2166 1792 secunda

442 1854 566 1911 Aut
610 1847 879 1911 adversa
917 1848 1145 1911 cadat.
1182 1846 1305 1910 Sed
1349 1866 1411 1909 te
1450 1870 1641 1935 super
1680 1852 1888 1912 omnia
1930 1848 2094 1913 dona

442 1972 639 2029 Vnum
683 1986 830 2029 oro:
870 1969 1163 2056 genetrix
1208 1970 1439 2030 Priami
1485 1967 1561 2033 de
1599 1987 1788 2058 gente
1831 1988 2089 2033 vetusta

438 2090 546 2149 Est
587 2085 789 2163 mihi,
824 2108 1011 2172 quam
1058 2088 1343 2149 miseram
1386 2091 1591 2152 tenuit
1634 2111 1760 2151 non
1798 2089 1920 2151 Ilia
1959 2089 2153 2153 tellus

436 2212 691 2270 Mecum
733 2206 1182 2283 excedentem,
1225 2229 1347 2269 non
1394 2210 1636 2269 moenia
1673 2212 1842 2298 regis
1881 2212 2182 2273 Acestae.

439 2332 613 2390 Hanc
635 2349 759 2417 ego
782 2350 947 2390 nunc
972 2332 1255 2418 ignaram
1280 2324 1470 2389 huius
1486 2327 1942 2417 quodcumque
1961 2330 2188 2417 pericli
2205 2350 2298 2393 est
2315 2378 2334 2408 ,

440 2450 643 2533 Inque
682 2446 1027 2509 salutatam
1071 2447 1329 2534 linqu03
1378 2448 1519 2509 Nox
1560 2468 1623 2509 et
1670 2468 1781 2509 tua
1823 2452 2004 2511 testis

434 2570 739 2645 Dextera,
780 2566 953 2655 quod
1000 2591 1307 2654 nequeam
1350 2566 1667 2654 lacrymas
1696 2563 1979 2652 perferre
2013 2569 2292 2656 parentis
2318 2613 2336 2628 .

436 2693 518 2754 At
560 2708 672 2765 tu,
712 2709 859 2763 oro,
898 2687 1102 2751 solare
1144 2691 1428 2773 inopem,
1471 2706 1533 2748 et
1576 2707 1872 2748 succurre
1914 2686 2212 2748 relictae.

440 2811 615 2872 Hanc
658 2810 794 2870 sine
836 2829 929 2870 me
971 2831 1143 2894 spem
1186 2804 1349 2870 ferre
1392 2808 1533 2867 tui:
1578 2803 1919 2868 audentior
1961 2803 2070 2868 ibo

442 2930 514 2988 In
550 2949 735 2989 casus
774 2949 1015 2989 omnes.
1062 2929 1359 2988 Percussa
1402 2941 1608 2987 mente
1650 2923 1966 2988 dederunt

442 3045 845 3110 Dardanidae
878 3045 1239 3136 lacrymas:
1281 3063 1427 3108 ante
1470 3065 1681 3106 omnes
1723 3039 1990 3128 pulcher
2035 3041 2255 3120 Iulus·,

444 3171 661 3251 Atque
694 3167 975 3229 animum
1019 3167 1269 3252 patriae
1308 3166 1573 3226 strinxit
1618 3166 1890 3250 pietatis
1932 3168 2174 3254 image.

451 3287 603 3346 Tum
652 3287 745 3346 sic
781 3281 1051 3346 effatur:

445 3401 693 3489 Sponde
734 3403 927 3493 digna
966 3406 1095 3465 tuis
1138 3398 1513 3490 ingentibus
1554 3403 1770 3464 omnia
1813 3400 2095 3486 caeptiS.

450 3525 742 3610 Namque
781 3523 903 3585 erit
950 3525 1069 3584 ista
1114 3519 1269 3584 mihi
1306 3524 1594 3611 genetrix
1619 3568 1634 3597 ,
1678 3541 2031 3605 nomenque
2072 3523 2347 3582 Creiisae

452 3643 659 3704 Solum
704 3639 1024 3718 defuerit,
1066 3663 1184 3704 nec
1230 3660 1477 3728 partum
1515 3642 1726 3730 gratia
1770 3638 1958 3700 talem

452 3763 649 3823 Parva
694 3779 937 3824 manet.
976 3763 1172 3822 Casus
1200 3757 1437 3822 factum
1479 3762 1877 3844 quicumque
1923 3774 2314 3840 sequentur;

458 3883 569 3943 Per
608 3900 811 3967 caput
854 3878 973 3946 hoc
1016 3885 1196 3956 iure,
1240 3901 1349 3964 per
1397 3875 1571 3964 quod
1616 3895 1794 3962 pater
1837 3891 1982 3934 ante
2025 3871 2303 3952 solebat,

459 4003 629 4080 Quae
669 3999 793 4065 tibi
838 4000 1147 4088 polliceor
1194 3997 1415 4064 reduci
1456 3995 1772 4085 rebusque
1809 3991 2136 4072 secundis,
