3400 5175
1110 604 1270 683 206
1745 628 1819 679 ι».
1893 626 2418 683 vrncrtrr
2701 607 2861 683 356

1198 762 1564 825 Semianimi
1598 738 1909 847 lapsoque
1943 761 2346 844 supervenit,
2387 774 2486 835 et,
2522 758 2684 844 pede
2723 762 2896 825 collo

1201 884 1546 965 Impresso,
1582 878 1845 942 dextrae
1887 898 2244 940 mucronem
2284 894 2668 965 extorquet,
2711 899 2774 943 et
2816 882 2950 945 alto

1202 999 1577 1088 Fulgentem
1616 1000 1816 1089 tingit
1857 996 2117 1087 iugulo;
2163 1013 2360 1083 atque
2387 994 2544 1061 haec
2569 1000 2828 1085 insuper
2869 1000 3080 1067 addit:

1148 1201 1153 1208 Ι
1204 1122 1299 1181 En
1336 1138 1557 1207 agros,
1600 1134 1701 1194 et,
1741 1126 1934 1205 quam
1978 1112 2181 1191 bello,
2215 1116 2524 1193 Troiane,
2565 1119 2826 1201 petisti,

1203 1240 1574 1323 Hesperiam
1618 1239 1841 1300 metire
1882 1239 2124 1299 iacens:
2167 1230 2680 1319 haec.praemia,
2717 1240 2832 1324 qui
2877 1258 2972 1301 me

1201 1356 1393 1418 Ferro
1434 1357 1571 1418 ausi
1612 1370 1894 1430 tentare,
1935 1349 2183 1416 ferunt:
2225 1354 2316 1416 sic
2357 1356 2608 1417 moenia
2642 1354 2962 1431 condunt,-

1202 1477 1373 1537 Huic
1410 1476 1708 1537 comitem
1751 1472 2046 1561 Asbyten
2085 1475 2376 1537 coniecta
2415 1473 2680 1559 cuspide
2721 1477 2962 1553 mittit;

1202 1591 1601 1681 Chloreaque
1620 1638 1637 1671 ,
1654 1590 2080 1682 Sybarimque
2092 1640 2111 1670 ,
2125 1595 2484 1679 Daretaque
2500 1640 2517 1668 ,
2546 1591 3182 1683 Thersilochumque,

1203 1715 1286 1775 Et
1329 1716 1632 1776 sternacis
1674 1717 1824 1800 equi
1867 1714 2116 1801 lapsum
2155 1714 2406 1775 cervice
2447 1710 2892 1801 Thymoeten.

1204 1836 1299 1895 Ac
1342 1831 1519 1895 velut
1564 1832 1769 1897 Edoni
1812 1838 2048 1897 Boreae
2081 1854 2277 1920 quum
2315 1834 2584 1919 spiritus
2622 1832 2757 1895 alto

1205 1952 1466 2013 Insonat
1506 1954 1793 2041 Aegaeo,
1833 1955 2257 2041 sequiturque
2299 1950 2374 2015 ad
2420 1951 2608 2015 litora
2647 1948 2914 2029 fluctns;

1202 2072 1345 2149 Qua
1380 2072 1559 2132 venti
1600 2069 1982 2148 incubuere,
2026 2068 2240 2161 fugam
2282 2071 2434 2136 dant
2479 2070 2702 2135 nubila
2741 2070 2948 2135 caelo:

1206 2189 1311 2251 Sic
1350 2191 1594 2266 Turno,
1638 2212 2040 2277 quacumque
2082 2194 2244 2253 viam
2287 2208 2500 2265 secat,
2542 2193 2794 2280 agmina
2825 2189 3074 2266 cedunt,

1204 2308 1688 2395 Conversaeque
1733 2328 1926 2373 ruunt
1967 2313 2172 2375 acies}
2214 2307 2338 2374 fert
2377 2312 2653 2395 impetus
2695 2312 2894 2395 ipsum
2921 2358 2938 2387 ,

1206 2427 1287 2486 Et
1328 2428 1583 2489 cristam
1624 2426 1892 2491 adverso
1931 2450 2118 2493 curru
2155 2432 2372 2515 quatit
2409 2450 2568 2491 aura
2607 2426 2956 2491 volantem.

1205 2546 1348 2608 Non
1387 2545 1541 2610 tulit
1588 2550 1922 2612 instantem
1963 2544 2280 2638 Phegeus,
2310 2549 2664 2634 animisque
2687 2542 3075 2612 frementem:

1202 2661 1455 2729 Obiecit
1498 2689 1627 2730 sese
1669 2667 1752 2733 ad
1795 2691 2089 2744 currum,
2128 2688 2192 2732 et
2236 2670 2600 2753 spumantia
2640 2663 2836 2729 frenis

1204 2785 1331 2847 Ora
1369 2787 1712 2851 citatorum
1755 2787 1978 2852 dextra
2013 2787 2277 2852 detorsit
2320 2809 2626 2874 equorum
2649 2830 2664 2848 .

1202 2905 1365 2964 Dum
1390 2903 1710 2983 trahitur,
1743 2906 2106 2996 pendetque
2133 2908 2334 2996 iugis,
2355 2903 2521 2968 hunc
2548 2904 2679 2969 lata
2709 2921 3016 2968 retectum

1204 3023 1447 3084 Lancea
1484 3027 1931 3111 consequitur,
1975 3031 2339 3113 rumpitque
2383 3023 2572 3088 infixa
2611 3023 2870 3088 bilicem

1201 3141 1520 3214 Loricam,
1565 3159 1628 3204 et
1668 3164 1969 3206 summum
2009 3144 2306 3235 degustat
2345 3145 2608 3209 vulnere
2647 3165 2902 3227 corpus.

1204 3253 1327 3318 Ille
1370 3275 1577 3320 tamen
1617 3259 1829 3346 clipeo
1863 3261 2118 3327 obiecto
2155 3287 2491 3328 conversus
2533 3267 2598 3325 in
2637 3259 2882 3324 hostem

1204 3371 1386 3450 Ibat,
1424 3395 1485 3438 et
1530 3380 1842 3444 auxilium
1879 3381 2076 3446 ducto
2121 3405 2414 3446 mucrone
2461 3380 2753 3470 petebat:

1196 3495 1403 3570 Quum
1450 3514 1584 3558 rota
1626 3501 2014 3584 praceiptem
2057 3519 2120 3563 et
2165 3525 2470 3590 procursu
2515 3503 2806 3565 concitus
2845 3499 2984 3560 axis

1200 3611 1499 3696 Impulit,
1539 3613 1870 3704 effudique
1909 3618 2112 3697 solot3
2157 3625 2538 3708 Turnusque
2577 3635 2924 3704 sequutus,

1198 3734 1397 3796 Imam
1439 3736 1606 3798 inter
1644 3735 1923 3824 galeam,
1958 3741 2185 3801 summi
2227 3736 2508 3801 thoracis
2551 3751 2616 3797 et
2657 3753 2833 3806 oras,

1200 3848 1491 3915 Abstulit
1530 3875 1674 3916 ense
1715 3872 1944 3941 caput,
1987 3873 2411 3944 truncumque
2451 3853 2718 3939 reliquit
2765 3867 3021 3912 arenae.

1298 3975 1513 4061 Atque
1551 3995 1625 4036 ea
1664 3972 1814 4038 dum
1853 3978 2090 4063 campis
2127 3979 2335 4042 victor
2377 3975 2486 4036 dat
2527 3970 2750 4036 funera
2785 3973 3067 4041 Turnu83
