3400 5175
1042 592 1144 695 76
1663 612 1739 667 P.
1798 613 2339 669 vrncrnrr
2584 597 2743 700 243

1133 748 1278 811 Non
1319 763 1536 821 secus,
1575 766 1649 807 ac
1692 748 1747 808 si
1791 718 1921 833 qua
1964 752 2221 834 penitus
2260 750 2325 810 vi
2370 766 2538 812 terra
2580 748 2918 818 dehiscens

1139 862 1430 931 Infernas
1471 882 1704 928 reseret
1747 864 1961 943 sedes,
2006 884 2069 929 et
2114 888 2311 956 regna
2357 866 2649 931 recludat

1137 985 1418 1062 Pallida,
1461 984 1560 1048 dis
1599 986 1839 1061 invisa3
1884 1006 2204 1071 superque
2236 986 2505 1049 immane
2551 985 2928 1053 barathrum

1135 1108 1482 1169 Cernatur:
1527 1102 1855 1190 trepidant
1902 1105 2173 1165 immisso
2214 1102 2449 1167 lumine
2490 1110 2748 1170 Manes.

1135 1228 1308 1315 Ergo
1350 1226 1669 1309 insperata
1710 1221 2083 1308 deprensum
2128 1229 2194 1285 in
2238 1222 2381 1287 luce
2425 1204 2721 1311 repente,

1135 1342 1589 1430 Inclusumque
1630 1362 1789 1405 cavo
1830 1364 2019 1418 saxo,
2062 1358 2256 1429 atque
2302 1344 2551 1405 insueta
2592 1344 2961 1425 rudentem,

1133 1465 1423 1549 Desuper
1470 1460 1736 1525 Alcides
1772 1454 1923 1523 talis
1964 1462 2229 1545 premit,
2270 1464 2614 1550 omniaque
2660 1486 2835 1527 arma

1137 1582 1472 1659 Advocat,
1515 1597 1578 1643 et
1617 1582 1808 1643 ramis
1848 1582 2173 1667 vastisque
2218 1579 2561 1647 molaribus
2600 1584 2828 1646 instat.

1139 1702 1265 1767 Ille
1305 1720 1555 1779 autem,
1597 1722 1806 1789 neque
1835 1702 2001 1762 enim
2042 1696 2197 1789 suga
2237 1703 2356 1763 iam
2387 1724 2575 1789 super
2612 1703 2746 1767 ulla
2774 1706 3043 1792 pericli,

1138 1819 1460 1885 Faucibus
1505 1824 1827 1911 ingentem
1871 1816 2148 1895 fumum,
2195 1820 2483 1885 mirabile
2528 1822 2708 1886 dictu
2736 1870 2755 1901 ,

1143 1942 1439 2018 Evomit,
1483 1940 1896 2025 involvitque
1937 1937 2189 2002 domum
2234 1942 2513 2033 caligine
2550 1966 2767 2020 caeca,

1141 2058 1556 2145 Prospectum
1599 2062 1880 2144 eripiens
1919 2058 2168 2137 oculis;
2214 2060 2653 2151 glomeratque
2696 2060 2815 2126 sub
2856 2082 3043 2127 antro

1142 2174 1523 2241 Fumiferam
1566 2194 1810 2242 noctem
1858 2180 2217 2242 commixtis
2256 2182 2403 2269 igne
2446 2180 2757 2245 tenebris.

1145 2295 1292 2358 Non
1335 2296 1490 2359 tulit
1532 2296 1795 2361 Alcides
1836 2300 2094 2371 animis,
2134 2320 2330 2386 seque
2376 2303 2509 2385 ipse
2545 2322 2654 2386 per
2692 2302 2899 2390 ignem

1145 2417 1498 2502 Praecipiti
1538 2419 1764 2481 iniecit
1806 2417 2010 2495 saltu,
2054 2439 2187 2505 qua
2226 2414 2535 2504 plurimus
2576 2416 2810 2480 undam

1141 2540 1369 2601 Fumus
1410 2539 1583 2628 agit,
1623 2537 1989 2626 nebulaque
2032 2538 2253 2628 ingens
2294 2562 2516 2626 specus
2553 2556 2793 2601 aestuat
2838 2556 3009 2602 atra.

1057 2715 1064 2723 .
1139 2659 1266 2722 Hic
1307 2662 1548 2723 Cacum
1591 2661 1654 2721 in
1700 2657 1980 2723 tenebris
2018 2659 2315 2722 incendia
2358 2681 2522 2720 vana
2568 2679 2920 2722 vomentem

1141 2779 1473 2863 Corripuit
1517 2779 1585 2840 in
1622 2776 1861 2854 nodum
1900 2777 2307 2864 complexus,
2349 2796 2412 2840 et
2454 2781 2631 2867 angit
2674 2775 3010 2843 inhaerens

1139 2897 1349 2961 Elisos
1387 2897 1639 2974 oculos,
1681 2916 1745 2960 et
1786 2899 2024 2960 siccum
2067 2899 2377 2986 sanguine
2420 2913 2680 2985 guttur.

1141 3016 1458 3079 Panditur
1499 3015 1824 3101 extemplo
1868 3013 2116 3080 foribus
2156 3015 2377 3080 domus
2415 3033 2555 3080 atra
2600 3016 2907 3094 revulsis,

1144 3133 1660 3223 Abstractaeque
1696 3135 1891 3200 boves
1930 3135 2389 3223 abiurataeque
2426 3140 2687 3222 rapinae

1141 3254 1336 3317 Caelo
1375 3255 1837 3332 ostenduntur,
1882 3254 2283 3344 pedibusque
2326 3251 2595 3318 informe
2638 3251 2909 3318 cadaver

1143 3371 1586 3438 Protrahitur.
1629 3377 1979 3462 Nequeunt
2025 3377 2277 3466 expleri
2320 3373 2513 3439 corda
2556 3372 2800 3436 tuendo

1143 3493 1496 3558 Terribiles
1535 3494 1793 3572 oculos3
1838 3495 2123 3572 vultum,
2165 3495 2527 3582 villosaque
2570 3495 2761 3556 saetis

1143 3615 1413 3679 Pectora
1450 3613 1765 3693 semiferi,
1808 3635 2005 3703 atque
2050 3618 2400 3679 exstinctos
2440 3609 2736 3676 faucibus
2777 3617 2997 3701 ignes·

1141 3736 1239 3798 Ex
1279 3734 1395 3798 illo
1433 3735 1800 3801 celebratus
1840 3735 2069 3812 honos,
2107 3734 2395 3820 laetique
2440 3734 2711 3794 minores

1140 3855 1500 3918 Servavere·
1530 3855 1741 3935 diem;
1787 3859 2157 3942 primusque
2202 3855 2481 3915 Potitius
2522 3867 2786 3928 auctor,

1137 3973 1221 4036 Et
1261 3970 1483 4039 domus
1522 3974 1827 4041 Herculei
1868 3993 2084 4039 eustos
2120 3975 2375 4038 Pinaria
2416 3973 2613 4048 sacri,
