3400 5175
944 508 1093 583 136
1618 530 1691 583 Ρ.
1806 528 2322 585 vrnernu
2519 536 2676 615 299

1026 666 1531 747 spumantesque
1573 680 1734 723 rates
1779 662 1951 725 arvis
1992 659 2228 726 inferre
2259 666 2540 728 Latinis=

1026 782 1241 841 Donec
1280 796 1483 841 rostra
1526 796 1742 841 tenent
1779 781 2054 859 siccum,
2098 803 2161 845 et
2201 782 2409 846 sidere
2445 786 2696 847 carinae

1026 902 1253 961 Omnes
1298 900 1645 961 innocuae..
1686 897 1806 961 Sed
1849 920 1970 961 non
2011 903 2246 987 puppis
2289 920 2434 979 tua,
2477 900 2760 965 Tarcho:

1022 1022 1309 1103 Namque
1351 1015 1599 1079 inflicta
1639 1017 1817 1081 vadis
1854 1018 2040 1082 dorso
2081 1018 2226 1083 dum
2271 1020 2504 1106 pendet
2545 1025 2804 1110 iniqu0,

1022 1140 1269 1219 Anceps
1312 1153 1666 1197 sustentata
1709 1136 1854 1213 diu,
1905 1135 2267 1226 fluctusque
2303 1136 2580 1230 fatigat3

1024 1255 1353 1330 Solvitur,
1398 1272 1591 1342 atque
1634 1260 1802 1319 viros
1843 1258 2062 1321 mediis
2104 1262 2368 1343 exponit
2409 1260 2474 1320 in
2515 1256 2731 1321 undis:

1022 1375 1362 1461 Fragmina
1406 1395 1712 1437 remorum
1753 1398 1912 1463 quos
1951 1394 2013 1439 et
2049 1374 2374 1439 fluitantia
2413 1394 2685 1439 transtra

1023 1492 1427 1577 Impediunt,
1468 1491 1871 1583 retrahitque
1913 1494 2132 1583 pedem
2174 1496 2354 1559 simul
2399 1495 2566 1559 unda
2601 1494 2918 1559 relabens.

1126 1614 1258 1674 Nee
1302 1614 1585 1675 Turnum
1620 1617 1832 1703 segnis
1873 1618 2109 1682 retinet
2149 1634 2346 1677 mora:
2388 1614 2496 1677 sed
2541 1618 2708 1705 rapit
2752 1636 2893 1675 acer

1021 1732 1247 1793 Totam
1288 1732 1487 1793 aciem
1533 1736 1601 1793 in
1643 1734 1956 1810 Teucros,
1999 1752 2064 1795 et
2104 1752 2328 1795 contra
2369 1736 2434 1795 in
2475 1732 2664 1795 litore
2703 1735 2868 1795 sistit
2895 1776 2912 1791 .

1028 1851 1224 1937 Signa
1262 1868 1527 1911 canunt.
1566 1852 1812 1913 Primus
1854 1869 2091 1914 turmas
2130 1852 2364 1933 invasit
2407 1870 2686 1941 agrestes

1019 1970 1291 2043 Aeneae,
1336 1988 1515 2029 omen
1560 1988 1852 2059 pugnae3
1895 1972 2255 2057 stravitque
2297 1973 2586 2045 Latinos,

1023 2087 1254 2148 Occiso
1294 2084 1621 2163 Therone,
1666 2082 1868 2151 virum
1913 2090 2030 2177 qui
2072 2089 2378 2151 maximus
2420 2088 2593 2151 ultro

1017 2209 1287 2267 Aeneam
1334 2208 1527 2291 petit:
1566 2202 1720 2269 huic
1758 2204 2011 2296 gladic,
2053 2229 2294 2295 perque
2335 2230 2520 2271 aerea
2559 2225 2736 2285 suta,

1010 2326 1127 2386 Per
1168 2327 1447 2388 tunicam
1484 2325 1883 2413 squalentem
1923 2326 2298 2403 aur0,1atus
2327 2325 2538 2389 haurit
2573 2346 2903 2415 apertum.

1010 2442 1167 2507 Inde
1212 2442 1451 2507 Lichan
1491 2442 1673 2523 ferit,
1717 2465 2044 2511 exsectum
2089 2450 2214 2511 iam
2257 2465 2456 2509 matre
2497 2466 2808 2533 peremta,

1015 2566 1097 2624 Et
1140 2560 1299 2641 tibi,
1342 2561 1627 2642 Phoebe,
1666 2587 1954 2644 sacrum3
1992 2588 2175 2630 casus
2217 2564 2482 2632 evadere
2520 2563 2676 2632 ferri

1010 2682 1429 2774 Quod01icuit
1473 2707 1699 2772 parvo.
1741 2689 1874 2752 Nec
1917 2688 2104 2776 longe
2145 2687 2354 2748 Cissea
2395 2685 2654 2764 durum,

1008 2806 1480 2892 Immanemque
1522 2809 1747 2893 Gyan,
1791 2823 2146 2869 sternentes
2187 2807 2440 2894 agmina
2477 2803 2700 2882 clava,

1010 2925 1265 2984 Deiecit
1310 2922 1474 2986 leto:
1516 2923 1679 2988 nihil
1723 2924 1871 2989 illos
1909 2923 2206 2986 Herculis
2250 2945 2453 2999 arma,

1006 3041 1139 3102 Nec
1179 3038 1433 3102 validae
1475 3043 1697 3106 iuvere
1742 3065 1992 3120 manus,
2039 3044 2422 3132 genitorque
2465 3039 2858 3127 Melampus,

1009 3156 1277 3220 Alcidae
1316 3180 1520 3222 comes
1560 3184 1794 3250 usque,
1836 3183 2061 3254 graves
2097 3184 2294 3250 quum
2338 3181 2506 3224 terra
2542 3159 2786 3224 labores

1004 3275 1338 3340 Praebuit.
1385 3284 1543 3346 Ecce
1586 3280 1824 3358 Pharo,
1871 3303 2057 3346 voces
2099 3281 2247 3347 dum
2289 3284 2490 3344 iactat
2529 3282 2807 3358 inertes,

1006 3399 1389 3483 Intorquens
1432 3397 1710 3464 iaculum
1747 3402 2054 3468 clamanti
2099 3402 2269 3462 sistit
2315 3402 2381 3462 in
2421 3421 2564 3462 ore.

1003 3518 1101 3577 Tu
1141 3537 1434 3604 quoque,
1480 3516 1816 3584 flaventem
1855 3523 2060 3607 prima
2097 3519 2398 3609 lanugine
2441 3519 2634 3583 malus

998 3637 1160 3697 Dum
1200 3641 1479 3724 sequeris
1518 3638 1810 3728 Clytium
1839 3637 2070 3704 infelix
2090 3685 2109 3716 ‚
2139 3660 2300 3701 nova
2325 3635 2604 3728 gaudia,
2627 3636 2885 3726 Cydon,

1000 3753 1323 3820 Dardania
1366 3775 1609 3820 stratus
1647 3757 1910 3836 dextra,
1947 3781 2204 3822 securus
2247 3779 2564 3834 amorum,

990 3876 1123 3954 -Qui
1163 3877 1470 3940 iuvenum
1512 3875 1637 3941 tibi
1676 3897 1922 3965 semper
1964 3896 2180 3953 erant,
2223 3873 2605 3953 miserande,
2635 3877 2906 3954 iaceres;
