3400 5175
514 5115 598 5139 ι-“
644 5136 649 5138 .

1117 612 1274 689 238
1827 632 2332 686 chltx.
2523 637 2660 711 191

1210 772 1289 829 Et
1328 764 1611 829 validum
1653 762 1881 829 dextra
1923 782 2214 826 truncum
2254 760 2539 826 detraxit
2583 764 2665 827 ab
2705 788 2900 830 orno.

1210 890 1335 967 Qui
1374 908 1554 949 casus
1592 886 1857 948 sociarit
1895 906 2110 970 opem,
2155 906 2464 947 numenve
2500 884 2802 965 deorum;

1160 1008 1505 1096 (Namque
1546 1002 1650 1066 illi
1688 1000 2024 1065 dederitne
2063 1003 2234 1064 viam
2275 1024 2538 1067 casusve
2580 1004 2852 1083 deusve,

1214 1122 1485 1190 Prodere
1523 1124 1607 1185 sit
1647 1118 1944 1184 dubium:
1985 1120 2198 1183 voluit
2236 1120 2343 1184 sed
2387 1125 2643 1185 vincere
2689 1120 2972 1215 talemz)

1218 1242 1495 1306 Horrida
1538 1243 1857 1327 squamosi
1893 1239 2215 1303 volventis
2255 1235 2530 1301 membra
2571 1240 2898 1319 draconis,

1218 1368 1435 1449 Atque
1476 1359 1883 1436 reluctantis,
1924 1357 2167 1422 crebris
2205 1354 2516 1445 foedeque
2557 1364 2836 1445 patentis

1221 1479 1503 1556 lctibus,
1542 1501 1679 1542 ossa
1721 1474 1904 1554 ferit,
1945 1481 2208 1569 cingunt
2251 1496 2375 1562 qua
2421 1494 2704 1563 tempora
2745 1481 3006 1541 cristae.

1222 1600 1304 1659 Et
1346 1593 1521 1685 quod
1560 1611 1694 1657 erat
1739 1592 1988 1670 tardus,
2027 1597 2229 1657 somni
2271 1595 2581 1683 languore
2621 1614 2895 1673 remot0,

1222 1718 1493 1779 ‘Nescius
1530 1710 1928 1797 adspiciens:
1974 1713 2163 1775 timor
2197 1711 2654 1777 obcaecaverat
2699 1734 2915 1779 artus:

1228 1838 1363 1897 Hoc
1404 1834 1607 1895 minus
1645 1831 1968 1916 implicuit
2007 1828 2150 1895 dira
2187 1826 2524 1896 formidine
2565 1850 2868 1896 mentem.

1225 1957 1417 2025 Tum,
1460 1968 1798 2035 postquam
1841 1948 2006 2011 vidit
2051 1970 2298 2013 caesum
2342 1952 2782 2041 languescere,
2823 1952 3018 2016 sedit.

1326 2073 1587 2155 Iamque
1624 2084 1766 2128 atro
1805 2066 2059 2157 biiuges
2095 2072 2304 2133 oriens
2347 2068 2553 2133 Erebo
2593 2072 2684 2133 cit
2723 2094 2920 2159 equos
2943 2073 3105 2147 Nox,

1230 2194 1309 2251 Et
1351 2191 1539 2277 piger
1576 2204 1806 2248 aurato
1847 2183 2136 2273 procedit
2181 2193 2414 2275 Vesper
2453 2186 2536 2251 ab
2573 2192 2765 2251 Oeta:

1230 2314 1469 2389 Quum,
1497 2327 1694 2397 grege
1723 2305 2070 2393 compulso,
2097 2324 2334 2393 pastor,
2354 2306 2836 2394 duplicantibus
2851 2306 3102 2383 umbris,

1235 2426 1461 2505 Vadit,
1499 2444 1563 2489 et
1604 2430 1669 2489 in
1713 2428 1994 2513 requiem
2034 2420 2228 2489 fessos
2270 2425 2425 2490 date
2465 2445 2782 2513 comparat
2821 2445 3032 2489 artus.

1237 2549 1439 2610 Cuius
1479 2564 1551 2610 ut
1596 2546 1868 2609 intravit
1906 2543 2110 2609 levior
2143 2566 2256 2633 per
2297 2567 2562 2632 corpora
2595 2568 2878 2623 somnus,

1233 2665 1696 2758 Languidaque
1737 2662 1946 2728 infuso
1989 2667 2366 2753 requierunt
2413 2665 2687 2731 membra
2721 2685 2979 2753 sopore;

1238 2784 1499 2878 Effigies
1540 2785 1619 2850 ad
1661 2807 1801 2848 eum
1843 2784 2083 2847 Culicis
2125 2783 2423 2861 devenit3
2465 2802 2530 2848 et
2572 2784 2711 2859 illi,

1235 2908 1468 2970 Tristis
1506 2904 1589 2969 ab
1626 2924 1892 2981 eventu,
1931 2905 2168 2967 cecinit
2210 2905 2504 2966 convicia
2545 2905 2802 2965 mortis.

1237 3027 1493 3113 Inquit:
1534 3023 1704 3104 Quid
1747 3028 2046 3100 meritus,
2093 3019 2173 3086 ad
2211 3045 2376 3109 quae
2421 3021 2702 3098 delatus,
2738 3018 2998 3083 acerbas

1239 3148 1449 3234 Cogor
1490 3141 1667 3206 adire
1705 3137 1924 3206 vices?
1973 3146 2114 3205 Tua
2151 3139 2302 3206 dum
2347 3139 2504 3204 mihi
2543 3144 2752 3204 carior
2793 3130 2932 3226 ipsa

1238 3265 1393 3325 Vita
1432 3256 1559 3324 fuit
1600 3264 1774 3338 vita,
1817 3265 2034 3347 rapior
2076 3281 2188 3347 per
2225 3262 2443 3322 inania
2485 3262 2747 3322 Averni:

1241 3385 1340 3444 Tu
1377 3380 1585 3443 lentus
1624 3375 1870 3443 refoves
1911 3377 2192 3443 iucunda
2229 3377 2503 3443 membra
2539 3379 2760 3466 quiete

1243 3504 1517 3587 Ereptus
1560 3503 1744 3563 tetris
1783 3522 1818 3564 e
1857 3498 2185 3564 cladibus.
2241 3501 2324 3559 At
2367 3518 2502 3560 mea
2540 3499 2758 3559 Manes

1242 3623 1505 3683 Viscera
1548 3617 1863 3684 Lethaeas
1904 3635 2140 3709 cogunt
2184 3635 2432 3679 tranare
2470 3637 2582 3699 per
2623 3611 2858 3677 undas.

1246 3738 1485 3804 Praeda
1528 3738 1870 3802 charontis
1909 3761 2089 3829 agor.
2147 3733 2385 3811 Video,
2427 3751 2499 3794 ut
2541 3731 2879 3822 flagrantia
2923 3727 3119 3794 taedis

1248 3861 1495 3922 Limina
1536 3858 1856 3922 collucent
1898 3855 2164 3922 infernis
2201 3855 2410 3918 omnia
2453 3851 2704 3937 templis
2732 3895 2750 3912 .

1246 3976 1455 4042 Obvia
1496 3977 1845 4064 Tisiphone
1887 3975 2289 4064 serpentibus
2326 3971 2616 4058 undique
2655 3973 2870 4033 cincta
