3400 5175
1068 546 1225 621 288
1753 562 2358 633 Morin‘rvu.
2477 536 2580 613 25

1160 705 1365 763 Laeva
1400 698 1790 773 ministerio,
1829 694 2054 759 dextra
2089 714 2181 757 est
2224 695 2475 756 intenta
2513 691 2754 769 labori;

1164 824 1335 883 Haec
1378 834 1549 881 rotat
1590 814 1876 881 adsiduis
1915 816 2094 903 gyris
2134 830 2198 875 et
2235 814 2521 875 concitat
2562 811 2806 875 orbem.

1166 942 1381 1001 Tunsa
1419 958 1589 999 ceres
1630 933 1855 1021 rapido
1895 933 2146 996 silicum
2189 930 2480 995 decurrit
2523 931 2603 995 ab
2645 934 2818 993 ictu.

1168 1056 1497 1121 Interdum
1538 1051 1736 1118 fessae
1777 1051 2062 1117 succedit
2103 1052 2290 1114 laeva
2331 1054 2566 1128 sorori,

1175 1175 1593 1261 Alternatque
1634 1175 1847 1275 vices..
1887 1170 2082 1235 Modo
2121 1175 2366 1235 rustica
2401 1173 2678 1234 earmina
2721 1188 2974 1247 cantat,

1172 1295 1557 1383 Agrestique
1594 1314 1776 1353 suum
1817 1290 2058 1353 solatur
2093 1310 2248 1353 voce
2290 1290 2598 1353 laborem.

1176 1412 1505 1477 Interdum
1544 1411 1777 1475 clamat
1819 1408 2141 1498 Cybalen:
2185 1425 2324 1471 erat
2363 1411 2551 1471 unica
2591 1426 2836 1486 custOS,

1180 1529 1337 1596 Afra
1378 1553 1613 1621 genus,
1656 1548 1792 1591 tota
1831 1530 2105 1614 patriam
2141 1546 2421 1591 testante
2461 1526 2699 1617 figura,

1182 1656 1382 1715 Torta
1418 1670 1687 1725 comam,
1722 1648 2031 1735 labroque
2070 1665 2346 1723 tumens,
2387 1666 2450 1710 et
2492 1644 2672 1711 fusca
2713 1632 3021 1727 colorem;

1186 1776 1446 1835 Pectore
1486 1770 1655 1845 lata,
1690 1770 1904 1834 iacens
1945 1770 2256 1843 mammis,
2299 1770 2706 1854 compressior
2743 1768 2920 1846 alvo,

1186 1887 1499 1951 Cruribus
1536 1886 1763 1963 exilis,
1799 1888 2144 1971 spatiosam
2185 1885 2453 1976 prodiga
2495 1886 2813 1972 plantamr,

1188 2007 1523 2068 Continuis
1557 2006 1734 2066 rimis
1773 2004 2068 2068 calcanea
2105 2010 2297 2069 scissa
2331 2004 2655 2096 rigebant.

1192 2130 1370 2189 Hanc
1408 2140 1635 2199 vocat,
1675 2139 1873 2209 atque
1915 2146 2130 2187 arsura
2167 2120 2328 2187 focis
2370 2128 2689 2211 imponere
2727 2124 2910 2215 ligna

1194 2248 1511 2329 Imperat,
1554 2260 1617 2304 et
1652 2238 1905 2305 flamma
1939 2243 2188 2331 gelidos
2227 2242 2480 2307 adolere
2519 2244 2833 2331 liquores.

1294 2365 1629 2448 Postquam
1666 2360 1961 2447 implevit
1997 2384 2154 2449 opus
2193 2365 2428 2425 iustum
2463 2364 2763 2426 versatile
2804 2360 3016 2427 finem:

1196 2474 1528 2543 Transfert
1568 2478 1717 2543 inde
1756 2502 1942 2543 manu
1985 2500 2157 2544 tusas
2192 2484 2262 2545 in
2298 2480 2513 2545 cribra
2547 2478 2787 2545 farinas

1200 2603 1283 2663 Et
1326 2601 1573 2686 quatit:
1616 2618 1679 2662 at
1717 2618 2034 2664 remanent
2073 2625 2312 2664 summo
2351 2605 2726 2692 purgamina
2762 2602 2983 2682 dors0;

1200 2717 1489 2784 Subsidit
1526 2722 1768 2782 sincera
1804 2715 2350 2806 foraminibusque
2391 2719 2684 2806 liquatur

1202 2835 1559 2902 Emundata
1592 2859 1801 2901 ceres.
1841 2841 2036 2900 Laevi
2079 2856 2214 2902 tum
2258 2843 2545 2926 protinus
2583 2839 2765 2902 illam

1202 2958 1538 3043 componit
1582 2954 1832 3033 tabula,
1873 2975 1936 3019 et
1976 2955 2225 3043 tepidas
2263 2981 2450 3043 super
2486 2961 2723 3049 ingerit
2757 2956 2984 3020 undas.

1204 3072 1543 3137 Contrahit
1585 3073 1903 3137 admixtos
1943 3099 2106 3140 nunc
2150 3072 2356 3140 fontes
2391 3096 2585 3165 atque
2623 3074 2903 3156 farinam

1206 3195 1616 3255 Transversat
1658 3191 1886 3256 durata
1926 3216 2147 3273 manu,
2183 3195 2568 3284 liquidoque
2609 3215 2867 3272 coacto,

1208 3307 1534 3374 Interdum
1576 3331 1830 3400 grumos
1867 3317 2111 3404 spargit
2155 3314 2314 3377 sale.
2363 3317 2626 3403 Iamque
2663 3315 2998 3382 subactum

1209 3431 1446 3491 Laevat
1488 3451 1687 3515 opus,
1731 3429 2085 3520 palmisque
2125 3455 2304 3497 suum
2345 3433 2578 3498 dilatat
2613 3438 2683 3498 in
2717 3433 2966 3513 orbem,

1210 3549 1292 3608 Et
1335 3562 1513 3609 notat
1556 3549 1874 3633 impressis
1912 3573 2114 3639 aequo
2155 3551 2522 3618 discrimine
2563 3553 2858 3643 quadris.

1214 3661 1416 3728 Infert
1455 3665 1603 3730 inde
1643 3663 1826 3745 foe03
1866 3668 2110 3758 Cybale
2151 3673 2560 3740 mundaverat
2601 3692 2824 3762 aptum

1218 3788 1383 3846 Ante
1424 3785 1668 3864 loeum3
1712 3791 2021 3877 testisque
2063 3809 2282 3882 tegens
2319 3818 2546 3883 super,
2589 3816 2855 3890 aggerat
2894 3801 3102 3891 ignes.

1218 3905 1514 4005 Dumque
1554 3927 1695 3968 suas
1735 3911 1989 4000 peragit
2032 3911 2339 3978 vulcanus
2379 3933 2668 4007 testaque
2707 3937 2950 4008 partes,

2053 4041 2060 4078 Ι
