3400 5175
928 600 1079 701 176
1284 616 1305 637 ·
1564 626 1639 680 ι».
1698 626 2226 682 VIRGILII
2504 612 2672 713 467

1006 756 1273 831 Cetera,
1316 778 1448 842 qua
1492 759 1690 832 iusso,
1738 780 1982 823 mecum
2025 783 2241 825 manus
2279 758 2516 827 inferat
2557 788 2758 831 arma.

1008 875 1201 937 Ilicet
1247 876 1313 937 in
1356 898 1560 939 muros
1604 893 1744 938 tota
1787 876 2180 941 discurritur
2219 878 2409 943 urbe.
2468 944 2476 953 ,

1007 994 1364 1057 Concilium
1409 998 1541 1082 ipae
1586 1015 1770 1081 pate-r
1809 1016 1874 1058 et
1917 1019 2138 1085 magna
2179 1001 2437 1085 incepta
2477 1002 2738 1064 Latinus

1006 1116 1297 1189 Deserit,
1340 1136 1412 1178 ac
1456 1116 1623 1177 tristi
1662 1113 1962 1178 turbatus
2001 1134 2284 1203 tempore
2325 1114 2586 1194 differt3

1004 1232 1347 1319 Multaque
1386 1254 1453 1295 ae
1492 1236 1776 1310 incusat,
1817 1237 1934 1321 qni
1973 1258 2096 1297 non
2139 1238 2460 1321 acceperit
2505 1235 2678 1298 ultro

1004 1350 1397 1415 Dardanium
1442 1355 1729 1427 Aenean,
1775 1373 2206 1443 generumque
2249 1352 2591 1417 adsciverit
2637 1354 2822 1420 urbi.
2879 1356 2884 1361 ’

1000 1470 1417 1539 Praefodiunt
1462 1474 1575 1537 alii
1620 1493 1866 1561 portas,
1905 1492 2016 1539 ant
2051 1495 2202 1536 saxa
2241 1472 2560 1559 sudesque

1002 1588 1399 1655 Subvectant
1424 1636 1441 1654 .
1484 1593 1660 1657 Bello
1701 1592 1811 1657 dat
1851 1596 2098 1683 signum
2144 1613 2338 1655 rauca
2377 1609 2712 1654 cruentum

1002 1712 1314 1776 Buccina.
1368 1716 1530 1775 Tum
1566 1733 1776 1775 muros
1817 1713 1998 1775 varia
2037 1714 2299 1774 cinxere
2339 1731 2576 1774 corona

1001 1832 1339 1893 Matronae
1376 1834 1722 1917 puerique:
1767 1849 1960 1893 vocat
1999 1826 2182 1893 labor
2223 1828 2489 1891 ultimus
2531 1848 2777 1891 omnes.

1000 1948 1137 2011 Nec
1162 1970 1284 2011 non
1311 1946 1393 2011 ad
1424 1948 1730 2037 templum
1759 1970 2157 2035 summasque
2183 1946 2261 2009 ad
2287 1944 2570 2021 Palladis
2595 1968 2768 2009 arces

1000 2063 1394 2130 Subvehitnr
1436 2089 1659 2158 magna
1699 2088 1970 2131 matrum
2014 2069 2237 2157 regina
2276 2083 2570 2141 caterva,

998 2188 1185 2249 Dona
1224 2183 1460 2250 ferens:
1503 2193 1815 2275 iuxtaque
1855 2208 2061 2251 comes
2099 2186 2368 2249 Lavinia
2405 2187 2626 2273 virgo,

997 2306 1231 2368 caussa
1268 2306 1453 2369 malis
1494 2310 1722 2385 tantis,
1762 2306 1982 2369 oculos
2020 2304 2274 2369 deiecta
2315 2302 2574 2365 decoros
2597 2348 2614 2365 .

995 2424 1359 2491 Succedunt
1401 2446 1665 2503 matres,
1702 2442 1766 2489 et
1811 2424 2116 2510 templum
2161 2440 2305 2485 ture
2347 2442 2702 2508 vaporant3

1000 2544 1083 2607 Et
1122 2562 1390 2609 maeatas
1432 2544 1567 2610 alto
1606 2541 1883 2610 fundunt
1925 2542 2004 2608 de
2044 2542 2262 2607 limine
2303 2560 2520 2606 voces:

996 2664 1435 2750 Armipotem,
1478 2685 1732 2751 praeses
1770 2662 1962 2739 belli,
2003 2663 2298 2736 Tritonia
2335 2665 2557 2752 virge,

995 2783 1243 2871 Frange
1280 2803 1463 2846 manu
1510 2783 1708 2846 telum
1753 2779 2022 2874 Phrygii
2065 2779 2440 2868 praedonis,
2481 2796 2544 2842 et
2587 2782 2794 2865 ipsum

995 2899 1267 2964 Pronum
1308 2921 1516 2964 sterne
1558 2899 1734 2978 solo,
1776 2905 2118 2988 portisque
2153 2895 2413 2961 effunde
2455 2895 2574 2963 sub
2615 2896 2794 2961 altia-

994 3019 1296 3106 Cingitur
1336 3017 1471 3105 ipse
1510 3016 1730 3082 surena
1765 3021 2066 3082 certatim
2103 3021 2168 3080 in
2212 3017 2458 3104 proelia
2497 3019 2780 3080 Turnus.

993 3135 1259 3223 Iamque
1294 3135 1452 3198 adeo
1496 3138 1807 3201 Rutulum
1851 3135 2118 3201 thoraca
2157 3135 2418 3201 indutus
2455 3133 2672 3198 ahenis

992 3252 1313 3320 Horrebat
1355 3261 1677 3343 squamis,
1719 3275 2023 3343 surasque
2063 3254 2408 3318 incluserat
2447 3275 2634 3328 auro,

992 3374 1306 3458 Tempora
1334 3373 1543 3438 nudus
1566 3374 1815 3454 adhuc;
1843 3375 2162 3462 laterique
2187 3375 2556 3438 accinxerat
2583 3389 2824 3448 ensem,

990 3489 1447 3581 Fulgebatque
1488 3481 2002 3558 alta'decurrens
2043 3512 2272 3555 aureus
2313 3509 2494 3568 arce3

992 3609 1427 3697 Exsultatque
1466 3613 1728 3689 animia,
1764 3629 1828 3674 et
1863 3634 1972 3698 spe
2013 3613 2138 3676 iam
2183 3613 2497 3699 praecipit
2535 3607 2814 3672 hostem.

990 3727 1248 3808 Qualia,
1288 3727 1397 3794 ubi
1442 3727 1731 3816 abruptio
1771 3725 1946 3820 fugit
1988 3734 2320 3816 praesepia
2355 3727 2624 3803 vinclis,

990 3847 1271 3913 Tandem
1313 3847 1481 3914 liber
1522 3871 1755 3936 equus,
1797 3870 2154 3936 campoque
2195 3851 2444 3934 potitus
2483 3861 2738 3934 aperto,

992 3969 1125 4033 Aut
1163 3967 1279 4032 ille
1322 3969 1393 4031 in
1422 3985 1645 4057 paetus
1686 3987 2102 4060 armentaque
2143 3965 2355 4032 tendit
2397 3985 2738 4056 equarum,
