<?xml version="1.0" encoding="UTF-8"?>
<!DOCTYPE html PUBLIC "-//W3C//DTD XHTML 1.0 Transitional//EN"
    "http://www.w3.org/TR/xhtml1/DTD/xhtml1-transitional.dtd">
<html xmlns="http://www.w3.org/1999/xhtml" xml:lang="en" lang="en">
 <head>
  <title>
</title>
<meta http-equiv="Content-Type" content="text/html;charset=utf-8" />
  <meta name='ocr-system' content='tesseract 3.04.00' />
  <meta name='ocr-capabilities' content='ocr_page ocr_carea ocr_par ocr_line ocrx_word'/>
</head>
<body>
  <div class='ocr_page' id='page_1' title='image "./pvirgiliimaroni04unkngoog/pvirgiliimaroni04unkngoog_0174.png"; bbox 0 0 3400 5175; ppageno 0'>
   <div class='ocr_carea' id='block_1_1' title="bbox 878 590 2622 695">
    <p class='ocr_par' dir='ltr' id='par_1_1' title="bbox 878 590 2622 695">
     <span class='ocr_line' id='line_1_1' title="bbox 878 590 2622 695; baseline -0.001 -25"><span class='ocrx_word' id='word_1_1' title='bbox 878 592 1039 671; x_wconf 77' lang='lat'>168</span> <span class='ocrx_word' id='word_1_2' title='bbox 1518 616 1591 669; x_wconf 73' lang='grc' dir='ltr'>ι’.</span> <span class='ocrx_word' id='word_1_3' title='bbox 1662 612 2180 671; x_wconf 64' lang='lat' dir='ltr'>Vnicum</span> <span class='ocrx_word' id='word_1_4' title='bbox 2462 590 2622 695; x_wconf 86' lang='lat'>243</span> 
     </span>
    </p>
   </div>
   <div class='ocr_carea' id='block_1_2' title="bbox 838 732 2852 4052">
    <p class='ocr_par' dir='ltr' id='par_1_2' title="bbox 966 732 2798 1313">
     <span class='ocr_line' id='line_1_2' title="bbox 966 732 2755 834; baseline -0.001 -23"><span class='ocrx_word' id='word_1_5' title='bbox 966 732 971 737; x_wconf 41' lang='grc'>”</span> <span class='ocrx_word' id='word_1_6' title='bbox 1068 745 1393 823; x_wconf 81' lang='lat' dir='ltr'>Vidimus,</span> <span class='ocrx_word' id='word_1_7' title='bbox 1435 767 1473 809; x_wconf 91' lang='lat' dir='ltr'>o</span> <span class='ocrx_word' id='word_1_8' title='bbox 1509 750 1713 823; x_wconf 82' lang='lat' dir='ltr'>cives,</span> <span class='ocrx_word' id='word_1_9' title='bbox 1755 742 2056 808; x_wconf 83' lang='lat' dir='ltr'>Diomede</span> <span class='ocrx_word' id='word_1_10' title='bbox 2102 746 2473 834; x_wconf 77' lang='lat' dir='ltr'>Argivaque</span> <span class='ocrx_word' id='word_1_11' title='bbox 2511 764 2755 821; x_wconf 78' lang='lat' dir='ltr'>castra3</span> 
     </span>
     <span class='ocr_line' id='line_1_3' title="bbox 976 866 2608 954; baseline -0.002 -23"><span class='ocrx_word' id='word_1_12' title='bbox 976 870 1193 954; x_wconf 77' lang='lat' dir='ltr'>Atque</span> <span class='ocrx_word' id='word_1_13' title='bbox 1233 869 1356 931; x_wconf 88' lang='lat' dir='ltr'>iter</span> <span class='ocrx_word' id='word_1_14' title='bbox 1390 868 1621 931; x_wconf 86' lang='lat' dir='ltr'>emensi</span> <span class='ocrx_word' id='word_1_15' title='bbox 1664 886 1844 928; x_wconf 83' lang='lat' dir='ltr'>casus</span> <span class='ocrx_word' id='word_1_16' title='bbox 1883 866 2324 949; x_wconf 71' lang='lat' dir='ltr'>superavimus</span> <span class='ocrx_word' id='word_1_17' title='bbox 2365 885 2608 941; x_wconf 88' lang='lat' dir='ltr'>omnes;</span> 
     </span>
     <span class='ocr_line' id='line_1_4' title="bbox 978 981 2740 1076; baseline -0.002 -27"><span class='ocrx_word' id='word_1_18' title='bbox 978 987 1506 1076; x_wconf 83' lang='lat' dir='ltr'>Contigimusque</span> <span class='ocrx_word' id='word_1_19' title='bbox 1546 1007 1822 1060; x_wconf 86' lang='lat' dir='ltr'>manum,</span> <span class='ocrx_word' id='word_1_20' title='bbox 1858 1004 1986 1071; x_wconf 86' lang='lat' dir='ltr'>qua</span> <span class='ocrx_word' id='word_1_21' title='bbox 2025 981 2305 1045; x_wconf 87' lang='lat' dir='ltr'>concidit</span> <span class='ocrx_word' id='word_1_22' title='bbox 2349 983 2472 1045; x_wconf 89' lang='lat' dir='ltr'>Ilia</span> <span class='ocrx_word' id='word_1_23' title='bbox 2514 984 2740 1045; x_wconf 85' lang='lat' dir='ltr'>tellus.</span> 
     </span>
     <span class='ocr_line' id='line_1_5' title="bbox 975 1102 2798 1195; baseline -0.002 -28"><span class='ocrx_word' id='word_1_24' title='bbox 975 1105 1103 1168; x_wconf 90' lang='lat' dir='ltr'>Ille</span> <span class='ocrx_word' id='word_1_25' title='bbox 1144 1103 1361 1169; x_wconf 85' lang='lat' dir='ltr'>urbem</span> <span class='ocrx_word' id='word_1_26' title='bbox 1407 1108 1822 1195; x_wconf 80' lang='lat' dir='ltr'>Argyripam,</span> <span class='ocrx_word' id='word_1_27' title='bbox 1863 1106 2111 1188; x_wconf 76' lang='lat' dir='ltr'>patriae</span> <span class='ocrx_word' id='word_1_28' title='bbox 2149 1106 2522 1191; x_wconf 84' lang='lat' dir='ltr'>cognomine</span> <span class='ocrx_word' id='word_1_29' title='bbox 2558 1102 2798 1192; x_wconf 85' lang='lat' dir='ltr'>gentis,</span> 
     </span>
     <span class='ocr_line' id='line_1_6' title="bbox 973 1221 2423 1313; baseline -0.003 -28"><span class='ocrx_word' id='word_1_30' title='bbox 973 1225 1201 1286; x_wconf 77' lang='lat' dir='ltr'>Victor</span> <span class='ocrx_word' id='word_1_31' title='bbox 1240 1226 1521 1312; x_wconf 84' lang='lat' dir='ltr'>Gargani</span> <span class='ocrx_word' id='word_1_32' title='bbox 1562 1221 1876 1287; x_wconf 83' lang='lat' dir='ltr'>condebat</span> <span class='ocrx_word' id='word_1_33' title='bbox 1919 1223 2186 1313; x_wconf 82' lang='lat' dir='ltr'>Iapygis</span> <span class='ocrx_word' id='word_1_34' title='bbox 2223 1225 2423 1285; x_wconf 81' lang='lat' dir='ltr'>arvis.</span> 
     </span>
    </p>

    <p class='ocr_par' dir='ltr' id='par_1_3' title="bbox 981 1330 2788 1431">
     <span class='ocr_line' id='line_1_7' title="bbox 981 1330 2788 1431; baseline -0.002 -26"><span class='ocrx_word' id='word_1_35' title='bbox 981 1330 1325 1429; x_wconf 79' lang='lat' dir='ltr'>Postquam</span> <span class='ocrx_word' id='word_1_36' title='bbox 1368 1336 1771 1431; x_wconf 77' lang='lat' dir='ltr'>introgressi,</span> <span class='ocrx_word' id='word_1_37' title='bbox 1812 1360 1874 1403; x_wconf 90' lang='lat' dir='ltr'>et</span> <span class='ocrx_word' id='word_1_38' title='bbox 1917 1363 2120 1404; x_wconf 84' lang='lat' dir='ltr'>coram</span> <span class='ocrx_word' id='word_1_39' title='bbox 2158 1340 2316 1405; x_wconf 86' lang='lat' dir='ltr'>data</span> <span class='ocrx_word' id='word_1_40' title='bbox 2354 1342 2540 1427; x_wconf 88' lang='lat' dir='ltr'>copia</span> <span class='ocrx_word' id='word_1_41' title='bbox 2577 1336 2788 1416; x_wconf 74' lang='lat' dir='ltr'>fandi3</span> 
     </span>
    </p>

    <p class='ocr_par' dir='ltr' id='par_1_4' title="bbox 972 1456 2806 1547">
     <span class='ocr_line' id='line_1_8' title="bbox 972 1456 2806 1547; baseline -0.002 -24"><span class='ocrx_word' id='word_1_42' title='bbox 972 1463 1247 1524; x_wconf 77' lang='lat' dir='ltr'>Munera</span> <span class='ocrx_word' id='word_1_43' title='bbox 1289 1456 1738 1547; x_wconf 54' lang='lat' dir='ltr'>praeferimus,</span> <span class='ocrx_word' id='word_1_44' title='bbox 1781 1481 2002 1523; x_wconf 83' lang='lat' dir='ltr'>nomen</span> <span class='ocrx_word' id='word_1_45' title='bbox 2044 1464 2446 1547; x_wconf 84' lang='lat' dir='ltr'>patriamque</span> <span class='ocrx_word' id='word_1_46' title='bbox 2485 1458 2806 1523; x_wconf 81' lang='lat' dir='ltr'>docemus:</span> 
     </span>
    </p>

    <p class='ocr_par' dir='ltr' id='par_1_5' title="bbox 972 1578 2852 1667">
     <span class='ocr_line' id='line_1_9' title="bbox 972 1578 2852 1667; baseline -0.001 -26"><span class='ocrx_word' id='word_1_47' title='bbox 972 1581 1095 1659; x_wconf 82' lang='lat' dir='ltr'>Qui</span> <span class='ocrx_word' id='word_1_48' title='bbox 1140 1578 1374 1644; x_wconf 89' lang='lat' dir='ltr'>bellum</span> <span class='ocrx_word' id='word_1_49' title='bbox 1418 1580 1788 1655; x_wconf 85' lang='lat' dir='ltr'>intulerint,</span> <span class='ocrx_word' id='word_1_50' title='bbox 1825 1600 1991 1667; x_wconf 86' lang='lat' dir='ltr'>quae</span> <span class='ocrx_word' id='word_1_51' title='bbox 2009 1601 2228 1643; x_wconf 86' lang='lat' dir='ltr'>caussa</span> <span class='ocrx_word' id='word_1_52' title='bbox 2257 1583 2594 1643; x_wconf 78' lang='lat' dir='ltr'>attraxerit</span> <span class='ocrx_word' id='word_1_53' title='bbox 2625 1582 2852 1664; x_wconf 81' lang='lat' dir='ltr'>Arpos.</span> 
     </span>
    </p>

    <p class='ocr_par' dir='ltr' id='par_1_6' title="bbox 838 1695 2502 1787">
     <span class='ocr_line' id='line_1_10' title="bbox 838 1695 2502 1787; baseline 0.002 -28"><span class='ocrx_word' id='word_1_54' title='bbox 838 1780 845 1787; x_wconf 94' lang='lat'><em>.</em></span> <span class='ocrx_word' id='word_1_55' title='bbox 965 1696 1227 1761; x_wconf 78' lang='lat' dir='ltr'>Auditis</span> <span class='ocrx_word' id='word_1_56' title='bbox 1269 1696 1381 1761; x_wconf 90' lang='lat' dir='ltr'>ille</span> <span class='ocrx_word' id='word_1_57' title='bbox 1423 1695 1579 1761; x_wconf 87' lang='lat' dir='ltr'>haec</span> <span class='ocrx_word' id='word_1_58' title='bbox 1621 1698 1876 1785; x_wconf 89' lang='lat' dir='ltr'>placido</span> <span class='ocrx_word' id='word_1_59' title='bbox 1913 1701 2004 1764; x_wconf 87' lang='lat' dir='ltr'>sic</span> <span class='ocrx_word' id='word_1_60' title='bbox 2046 1698 2321 1764; x_wconf 83' lang='lat' dir='ltr'>reddidit</span> <span class='ocrx_word' id='word_1_61' title='bbox 2363 1720 2502 1763; x_wconf 88' lang='lat' dir='ltr'>ore:</span> 
     </span>
    </p>

    <p class='ocr_par' dir='ltr' id='par_1_7' title="bbox 966 1812 2598 2267">
     <span class='ocr_line' id='line_1_11' title="bbox 966 1812 2329 1910; baseline 0.003 -32"><span class='ocrx_word' id='word_1_62' title='bbox 966 1818 1022 1878; x_wconf 91' lang='grc' dir='ltr'>Ο</span> <span class='ocrx_word' id='word_1_63' title='bbox 1064 1812 1429 1881; x_wconf 83' lang='lat' dir='ltr'>fortunatae</span> <span class='ocrx_word' id='word_1_64' title='bbox 1470 1833 1727 1906; x_wconf 81' lang='lat' dir='ltr'>gentes,</span> <span class='ocrx_word' id='word_1_65' title='bbox 1769 1820 2068 1882; x_wconf 84' lang='lat' dir='ltr'>Saturnia</span> <span class='ocrx_word' id='word_1_66' title='bbox 2105 1840 2329 1910; x_wconf 83' lang='lat' dir='ltr'>regna,</span> 
     </span>
     <span class='ocr_line' id='line_1_12' title="bbox 969 1933 2518 2027; baseline 0.002 -31"><span class='ocrx_word' id='word_1_67' title='bbox 969 1934 1245 2020; x_wconf 76' lang='lat' dir='ltr'>Antiqui</span> <span class='ocrx_word' id='word_1_68' title='bbox 1289 1936 1585 2013; x_wconf 77' lang='lat' dir='ltr'>Ausonii,</span> <span class='ocrx_word' id='word_1_69' title='bbox 1622 1958 1786 2023; x_wconf 86' lang='lat' dir='ltr'>quae</span> <span class='ocrx_word' id='word_1_70' title='bbox 1825 1960 1934 2000; x_wconf 82' lang='lat' dir='ltr'>vos</span> <span class='ocrx_word' id='word_1_71' title='bbox 1976 1933 2231 2002; x_wconf 88' lang='lat' dir='ltr'>fortuna</span> <span class='ocrx_word' id='word_1_72' title='bbox 2265 1939 2518 2027; x_wconf 86' lang='lat' dir='ltr'>quietos</span> 
     </span>
     <span class='ocr_line' id='line_1_13' title="bbox 970 2048 2598 2146; baseline 0.002 -31"><span class='ocrx_word' id='word_1_73' title='bbox 970 2052 1331 2130; x_wconf 86' lang='lat' dir='ltr'>Sollicitat,</span> <span class='ocrx_word' id='word_1_74' title='bbox 1372 2053 1729 2142; x_wconf 70' lang='lat' dir='ltr'>suadetque</span> <span class='ocrx_word' id='word_1_75' title='bbox 1770 2058 1991 2146; x_wconf 83' lang='lat' dir='ltr'>ignota</span> <span class='ocrx_word' id='word_1_76' title='bbox 2029 2056 2340 2120; x_wconf 83' lang='lat' dir='ltr'>lacessere</span> <span class='ocrx_word' id='word_1_77' title='bbox 2380 2048 2598 2120; x_wconf 75' lang='lat' dir='ltr'>bella?</span> 
     </span>
     <span class='ocr_line' id='line_1_14' title="bbox 968 2171 2528 2267; baseline 0.003 -33"><span class='ocrx_word' id='word_1_78' title='bbox 968 2174 1369 2261; x_wconf 82' lang='lat' dir='ltr'>Quicumque</span> <span class='ocrx_word' id='word_1_79' title='bbox 1414 2172 1641 2237; x_wconf 87' lang='lat' dir='ltr'>Iliacos</span> <span class='ocrx_word' id='word_1_80' title='bbox 1682 2171 1850 2239; x_wconf 87' lang='lat' dir='ltr'>ferro</span> <span class='ocrx_word' id='word_1_81' title='bbox 1885 2177 2268 2240; x_wconf 79' lang='lat' dir='ltr'>violavimus</span> <span class='ocrx_word' id='word_1_82' title='bbox 2311 2198 2528 2267; x_wconf 81' lang='lat' dir='ltr'>agros,</span> 
     </span>
    </p>

    <p class='ocr_par' dir='ltr' id='par_1_8' title="bbox 916 2280 2841 2964">
     <span class='ocr_line' id='line_1_15' title="bbox 916 2280 2789 2379; baseline 0 -26"><span class='ocrx_word' id='word_1_83' title='bbox 916 2280 1168 2377; x_wconf 85' lang='lat' dir='ltr'>(Mitto</span> <span class='ocrx_word' id='word_1_84' title='bbox 1208 2312 1317 2368; x_wconf 90' lang='lat' dir='ltr'>ea,</span> <span class='ocrx_word' id='word_1_85' title='bbox 1354 2312 1521 2379; x_wconf 85' lang='lat' dir='ltr'>quae</span> <span class='ocrx_word' id='word_1_86' title='bbox 1560 2295 1749 2355; x_wconf 87' lang='lat' dir='ltr'>muris</span> <span class='ocrx_word' id='word_1_87' title='bbox 1791 2292 2086 2361; x_wconf 87' lang='lat' dir='ltr'>bellando</span> <span class='ocrx_word' id='word_1_88' title='bbox 2127 2294 2438 2359; x_wconf 85' lang='lat' dir='ltr'>exhausta</span> <span class='ocrx_word' id='word_1_89' title='bbox 2467 2292 2586 2358; x_wconf 88' lang='lat' dir='ltr'>sub</span> <span class='ocrx_word' id='word_1_90' title='bbox 2611 2292 2789 2369; x_wconf 86' lang='lat' dir='ltr'>altis,</span> 
     </span>
     <span class='ocr_line' id='line_1_16' title="bbox 964 2410 2803 2505; baseline 0.003 -35"><span class='ocrx_word' id='word_1_91' title='bbox 964 2410 1136 2487; x_wconf 89' lang='lat' dir='ltr'>Quos</span> <span class='ocrx_word' id='word_1_92' title='bbox 1175 2412 1404 2473; x_wconf 84' lang='lat' dir='ltr'>Simois</span> <span class='ocrx_word' id='word_1_93' title='bbox 1442 2432 1685 2497; x_wconf 87' lang='lat' dir='ltr'>premat</span> <span class='ocrx_word' id='word_1_94' title='bbox 1729 2412 1843 2476; x_wconf 90' lang='lat' dir='ltr'>ille</span> <span class='ocrx_word' id='word_1_95' title='bbox 1885 2411 2102 2505; x_wconf 81' lang='lat' dir='ltr'>viros)</span> <span class='ocrx_word' id='word_1_96' title='bbox 2144 2412 2398 2479; x_wconf 81' lang='lat' dir='ltr'>infanda</span> <span class='ocrx_word' id='word_1_97' title='bbox 2441 2435 2552 2500; x_wconf 91' lang='lat' dir='ltr'>per</span> <span class='ocrx_word' id='word_1_98' title='bbox 2590 2410 2803 2476; x_wconf 85' lang='lat' dir='ltr'>orbem</span> 
     </span>
     <span class='ocr_line' id='line_1_17' title="bbox 965 2527 2790 2621; baseline 0.001 -29"><span class='ocrx_word' id='word_1_99' title='bbox 965 2527 1337 2617; x_wconf 85' lang='lat' dir='ltr'>Supplicia,</span> <span class='ocrx_word' id='word_1_100' title='bbox 1381 2548 1445 2595; x_wconf 87' lang='lat' dir='ltr'>et</span> <span class='ocrx_word' id='word_1_101' title='bbox 1484 2532 1790 2598; x_wconf 84' lang='lat' dir='ltr'>scelerum</span> <span class='ocrx_word' id='word_1_102' title='bbox 1831 2555 2058 2621; x_wconf 90' lang='lat' dir='ltr'>poenas</span> <span class='ocrx_word' id='word_1_103' title='bbox 2097 2531 2513 2620; x_wconf 86' lang='lat' dir='ltr'>expendimus</span> <span class='ocrx_word' id='word_1_104' title='bbox 2549 2552 2790 2608; x_wconf 85' lang='lat' dir='ltr'>omnes,</span> 
     </span>
     <span class='ocr_line' id='line_1_18' title="bbox 964 2647 2841 2718; baseline -0.001 -7"><span class='ocrx_word' id='word_1_105' title='bbox 964 2647 1085 2712; x_wconf 75' lang='lat' dir='ltr'>Vel</span> <span class='ocrx_word' id='word_1_106' title='bbox 1129 2652 1376 2715; x_wconf 82' lang='lat' dir='ltr'>Priamo</span> <span class='ocrx_word' id='word_1_107' title='bbox 1420 2651 2056 2718; x_wconf 83' lang='lat' dir='ltr'>miseranda-manus.</span> <span class='ocrx_word' id='word_1_108' title='bbox 2109 2655 2245 2716; x_wconf 91' lang='lat' dir='ltr'>Scit</span> <span class='ocrx_word' id='word_1_109' title='bbox 2282 2655 2471 2715; x_wconf 88' lang='lat' dir='ltr'>triste</span> <span class='ocrx_word' id='word_1_110' title='bbox 2513 2653 2841 2712; x_wconf 79' lang='lat' dir='ltr'>Minervae</span> 
     </span>
     <span class='ocr_line' id='line_1_19' title="bbox 964 2768 2714 2861; baseline -0.002 -30"><span class='ocrx_word' id='word_1_111' title='bbox 964 2769 1184 2847; x_wconf 85' lang='lat' dir='ltr'>Sidus,</span> <span class='ocrx_word' id='word_1_112' title='bbox 1224 2787 1289 2834; x_wconf 87' lang='lat' dir='ltr'>et</span> <span class='ocrx_word' id='word_1_113' title='bbox 1330 2769 1651 2836; x_wconf 83' lang='lat' dir='ltr'>Euboicae</span> <span class='ocrx_word' id='word_1_114' title='bbox 1686 2792 1936 2848; x_wconf 87' lang='lat' dir='ltr'>cautes,</span> <span class='ocrx_word' id='word_1_115' title='bbox 1977 2772 2284 2861; x_wconf 87' lang='lat' dir='ltr'>ultorque</span> <span class='ocrx_word' id='word_1_116' title='bbox 2317 2768 2714 2859; x_wconf 87' lang='lat' dir='ltr'>Caphereus.</span> 
     </span>
     <span class='ocr_line' id='line_1_20' title="bbox 958 2887 2451 2964; baseline -0.001 -12"><span class='ocrx_word' id='word_1_117' title='bbox 958 2889 1207 2953; x_wconf 80' lang='lat' dir='ltr'>Militia</span> <span class='ocrx_word' id='word_1_118' title='bbox 1246 2911 1323 2955; x_wconf 78' lang='lat' dir='ltr'>ex</span> <span class='ocrx_word' id='word_1_119' title='bbox 1367 2891 1483 2955; x_wconf 87' lang='lat' dir='ltr'>illa</span> <span class='ocrx_word' id='word_1_120' title='bbox 1520 2891 1840 2956; x_wconf 83' lang='lat' dir='ltr'>diversum</span> <span class='ocrx_word' id='word_1_121' title='bbox 1877 2890 1956 2956; x_wconf 90' lang='lat' dir='ltr'>ad</span> <span class='ocrx_word' id='word_1_122' title='bbox 2000 2889 2158 2952; x_wconf 90' lang='lat' dir='ltr'>litus</span> <span class='ocrx_word' id='word_1_123' title='bbox 2201 2887 2451 2964; x_wconf 81' lang='lat' dir='ltr'>adacti,</span> 
     </span>
    </p>

    <p class='ocr_par' dir='ltr' id='par_1_9' title="bbox 960 3005 2528 3216">
     <span class='ocr_line' id='line_1_21' title="bbox 960 3005 2528 3097; baseline 0.001 -29"><span class='ocrx_word' id='word_1_124' title='bbox 960 3005 1221 3072; x_wconf 76' lang='lat' dir='ltr'>Atrides</span> <span class='ocrx_word' id='word_1_125' title='bbox 1262 3011 1475 3071; x_wconf 88' lang='lat' dir='ltr'>Protei</span> <span class='ocrx_word' id='word_1_126' title='bbox 1519 3009 1842 3074; x_wconf 83' lang='lat' dir='ltr'>Menelaus</span> <span class='ocrx_word' id='word_1_127' title='bbox 1883 3009 2170 3097; x_wconf 85' lang='lat' dir='ltr'>adusque</span> <span class='ocrx_word' id='word_1_128' title='bbox 2209 3007 2528 3072; x_wconf 85' lang='lat' dir='ltr'>columnas</span> 
     </span>
     <span class='ocr_line' id='line_1_22' title="bbox 960 3124 2501 3216; baseline -0.001 -29"><span class='ocrx_word' id='word_1_129' title='bbox 960 3124 1264 3203; x_wconf 84' lang='lat' dir='ltr'>Exsulat;</span> <span class='ocrx_word' id='word_1_130' title='bbox 1304 3131 1619 3191; x_wconf 78' lang='lat' dir='ltr'>Aetnaeos</span> <span class='ocrx_word' id='word_1_131' title='bbox 1660 3128 1826 3192; x_wconf 80' lang='lat' dir='ltr'>vidit</span> <span class='ocrx_word' id='word_1_132' title='bbox 1866 3128 2182 3216; x_wconf 84' lang='lat' dir='ltr'>Cyclopas</span> <span class='ocrx_word' id='word_1_133' title='bbox 2224 3126 2501 3213; x_wconf 80' lang='lat' dir='ltr'>Vlyxes.</span> 
     </span>
    </p>

    <p class='ocr_par' dir='ltr' id='par_1_10' title="bbox 950 3239 2644 3454">
     <span class='ocr_line' id='line_1_23' title="bbox 950 3239 2644 3335; baseline -0.001 -29"><span class='ocrx_word' id='word_1_134' title='bbox 950 3239 1184 3333; x_wconf 73' lang='lat' dir='ltr'>Regna</span> <span class='ocrx_word' id='word_1_135' title='bbox 1222 3245 1625 3330; x_wconf 84' lang='lat' dir='ltr'>Neoptolemi</span> <span class='ocrx_word' id='word_1_136' title='bbox 1662 3244 1966 3322; x_wconf 87' lang='lat' dir='ltr'>referam,</span> <span class='ocrx_word' id='word_1_137' title='bbox 2009 3268 2344 3335; x_wconf 82' lang='lat' dir='ltr'>versosque</span> <span class='ocrx_word' id='word_1_138' title='bbox 2387 3261 2644 3330; x_wconf 84' lang='lat' dir='ltr'>penates</span> 
     </span>
     <span class='ocr_line' id='line_1_24' title="bbox 957 3353 2642 3454; baseline -0.002 -27"><span class='ocrx_word' id='word_1_139' title='bbox 957 3356 1329 3427; x_wconf 78' lang='lat' dir='ltr'>Idomenei?</span> <span class='ocrx_word' id='word_1_140' title='bbox 1376 3363 1697 3454; x_wconf 81' lang='lat' dir='ltr'>Libycone</span> <span class='ocrx_word' id='word_1_141' title='bbox 1741 3363 2106 3430; x_wconf 81' lang='lat' dir='ltr'>habitantes</span> <span class='ocrx_word' id='word_1_142' title='bbox 2143 3366 2334 3428; x_wconf 88' lang='lat' dir='ltr'>litore</span> <span class='ocrx_word' id='word_1_143' title='bbox 2375 3353 2642 3427; x_wconf 67' lang='lat' dir='ltr'>Locros?</span> 
     </span>
    </p>

    <p class='ocr_par' dir='ltr' id='par_1_11' title="bbox 953 3479 2694 3928">
     <span class='ocr_line' id='line_1_25' title="bbox 958 3479 2572 3575; baseline 0 -31"><span class='ocrx_word' id='word_1_144' title='bbox 958 3484 1103 3568; x_wconf 88' lang='lat' dir='ltr'>Ipse</span> <span class='ocrx_word' id='word_1_145' title='bbox 1146 3485 1538 3570; x_wconf 79' lang='lat' dir='ltr'>Mycenaeus</span> <span class='ocrx_word' id='word_1_146' title='bbox 1580 3508 1950 3575; x_wconf 85' lang='lat' dir='ltr'>magnorum</span> <span class='ocrx_word' id='word_1_147' title='bbox 1989 3483 2218 3550; x_wconf 84' lang='lat' dir='ltr'>ductor</span> <span class='ocrx_word' id='word_1_148' title='bbox 2260 3479 2572 3547; x_wconf 77' lang='lat' dir='ltr'>Achiviirn</span> 
     </span>
     <span class='ocr_line' id='line_1_26' title="bbox 953 3596 2584 3691; baseline 0.001 -29"><span class='ocrx_word' id='word_1_149' title='bbox 953 3601 1263 3691; x_wconf 79' lang='lat' dir='ltr'>Coniugis</span> <span class='ocrx_word' id='word_1_150' title='bbox 1302 3596 1603 3664; x_wconf 87' lang='lat' dir='ltr'>infandae</span> <span class='ocrx_word' id='word_1_151' title='bbox 1644 3605 1848 3688; x_wconf 87' lang='lat' dir='ltr'>prima</span> <span class='ocrx_word' id='word_1_152' title='bbox 1889 3607 2057 3668; x_wconf 87' lang='lat' dir='ltr'>intra</span> <span class='ocrx_word' id='word_1_153' title='bbox 2095 3603 2316 3668; x_wconf 86' lang='lat' dir='ltr'>limina</span> <span class='ocrx_word' id='word_1_154' title='bbox 2353 3601 2584 3666; x_wconf 85' lang='lat' dir='ltr'>dextra</span> 
     </span>
     <span class='ocr_line' id='line_1_27' title="bbox 954 3719 2694 3809; baseline -0.002 -25"><span class='ocrx_word' id='word_1_155' title='bbox 954 3722 1283 3809; x_wconf 86' lang='lat' dir='ltr'>oppetiit,</span> <span class='ocrx_word' id='word_1_156' title='bbox 1324 3719 1644 3786; x_wconf 81' lang='lat' dir='ltr'>devictam</span> <span class='ocrx_word' id='word_1_157' title='bbox 1694 3725 1900 3786; x_wconf 75' lang='lat' dir='ltr'>Asiam</span> <span class='ocrx_word' id='word_1_158' title='bbox 1943 3722 2232 3787; x_wconf 84' lang='lat' dir='ltr'>subsedit</span> <span class='ocrx_word' id='word_1_159' title='bbox 2269 3719 2558 3786; x_wconf 82' lang='lat' dir='ltr'>adulter.</span> <span class='ocrx_word' id='word_1_160' title='bbox 2683 3779 2694 3790; x_wconf 76' lang='grc'><em>,</em></span> 
     </span>
     <span class='ocr_line' id='line_1_28' title="bbox 956 3839 2366 3928; baseline 0.001 -26"><span class='ocrx_word' id='word_1_161' title='bbox 956 3841 1272 3905; x_wconf 85' lang='lat' dir='ltr'>Invidisse</span> <span class='ocrx_word' id='word_1_162' title='bbox 1311 3839 1494 3919; x_wconf 87' lang='lat' dir='ltr'>deos,</span> <span class='ocrx_word' id='word_1_163' title='bbox 1538 3844 1764 3928; x_wconf 84' lang='lat' dir='ltr'>patriis</span> <span class='ocrx_word' id='word_1_164' title='bbox 1807 3861 1880 3906; x_wconf 89' lang='lat' dir='ltr'>ut</span> <span class='ocrx_word' id='word_1_165' title='bbox 1917 3842 2204 3908; x_wconf 86' lang='lat' dir='ltr'>redditus</span> <span class='ocrx_word' id='word_1_166' title='bbox 2241 3844 2366 3904; x_wconf 85' lang='lat' dir='ltr'>aris</span> 
     </span>
    </p>

    <p class='ocr_par' dir='ltr' id='par_1_12' title="bbox 951 3947 2840 4052">
     <span class='ocr_line' id='line_1_29' title="bbox 951 3947 2840 4052; baseline -0.004 -30"><span class='ocrx_word' id='word_1_167' title='bbox 951 3961 1338 4052; x_wconf 85' lang='lat' dir='ltr'>Coniugium</span> <span class='ocrx_word' id='word_1_168' title='bbox 1376 3977 1671 4050; x_wconf 85' lang='lat' dir='ltr'>optatum</span> <span class='ocrx_word' id='word_1_169' title='bbox 1702 3979 1766 4026; x_wconf 91' lang='lat' dir='ltr'>et</span> <span class='ocrx_word' id='word_1_170' title='bbox 1795 3958 2124 4051; x_wconf 86' lang='lat' dir='ltr'>pulchram</span> <span class='ocrx_word' id='word_1_171' title='bbox 2159 3959 2494 4052; x_wconf 82' lang='lat' dir='ltr'>Calydona</span> <span class='ocrx_word' id='word_1_172' title='bbox 2526 3947 2840 4022; x_wconf 83' lang='lat' dir='ltr'>viderem!</span> 
     </span>
    </p>
   </div>
  </div>
 </body>
</html>
