3400 5175
832 590 997 693 164
1446 610 1517 665 ι’.
1608 610 2188 667 vrnernrr
2435 591 2576 671 131

912 748 1211 830 Saxaque
1244 738 1617 805 aubvectare
1659 741 1936 807 humeris
1979 745 2262 807 Troiana
2302 745 2591 810 iuvabit.

914 866 1181 925 Dixerat
1225 858 1417 934 haec,
1462 882 1714 949 unoque
1755 884 1968 926 omnes
2005 860 2224 925 eadem
2263 884 2372 926 ore
2417 862 2812 929 fremebant.

916 984 1017 1043 Bia
1058 1002 1238 1043 senos
1276 981 1582 1069 pepigere
1626 979 1792 1059 dies,
1834 1002 1932 1058 et,
1977 1003 2134 1067 pace
2171 1003 2530 1069 sequestra,

919 1102 1035 1161 Per
1070 1096 1261 1161 silvas
1300 1100 1569 1173 Teucri,
1610 1100 1928 1186 mixtique
1967 1102 2223 1185 impune
2267 1104 2514 1179 Latini,

917 1222 1222 1280 Erravere
1264 1218 1471 1305 iugis.
1516 1222 1708 1280 Ferro
1751 1235 1929 1282 sonat
1966 1221 2098 1280 icta
2140 1216 2400 1303 bipenni

917 1339 1271 1398 Fraxinus:
1309 1354 1612 1398 evertunt
1652 1314 1825 1399 rictas
1869 1336 1946 1399 ad
1991 1336 2200 1401 sidera
2237 1340 2459 1424 pinus:

912 1454 1163 1520 Robora
1204 1476 1321 1519 nec
1360 1459 1578 1517 cuneis
1618 1474 1680 1519 et
1725 1456 2000 1519 olentem
2043 1451 2330 1547 scindere
2369 1454 2664 1535 cedrum,

912 1578 1045 1639 Nec
1088 1574 1387 1661 plaustris
1424 1594 1671 1639 cessant
1714 1592 1973 1639 vectare
2014 1558 2664 1665 gementibua‘ornos.

1014 1696 1093 1755 Et
1133 1701 1255 1755 iam
1300 1696 1488 1755 Fama
1530 1692 1790 1770 volans,
1829 1694 1998 1758 tanti
2038 1696 2418 1781 praenuntia
2459 1693 2700 1771 luctus,

912 1810 1280 1875 Euandrum
1322 1810 1736 1899 Euandrique
1781 1807 1998 1871 domos
2037 1825 2101 1871 et
2145 1810 2388 1871 moenia
2430 1808 2744 1893 complet,

911 1934 1086 2011 Quae
1130 1927 1309 1992 modo
1352 1931 1663 1991 victorem
1705 1930 1896 1991 Latio
1937 1926 2232 1990 Pallanta
2273 1922 2552 1995 ferebat.

911 2040 1188 2106 Arcades
1223 2040 1299 2105 ad
1342 2062 1559 2128 portae
1604 2064 1818 2118 ruere,
1859 2060 1926 2107 et
1967 2042 2046 2107 de
2089 2066 2255 2108 more
2293 2063 2550 2107 vetusto

916 2166 1229 2226 Funereaa
1268 2184 1538 2248 rapuere
1578 2158 1785 2225 faces.
1831 2167 2031 2227 Lucet
2073 2166 2182 2227 via
2221 2164 2414 2255 longo

910 2281 1148 2345 Ordine
1190 2278 1605 2357 flammarum,
1640 2298 1706 2343 et
1753 2280 1883 2343 late
1925 2281 2319 2346 discriminat
2363 2305 2575 2373 agros.

908 2404 1145 2464 Contra
1186 2398 1371 2464 turba
1412 2399 1742 2488 Phrygum
1779 2402 2043 2463 veniens
2083 2401 2460 2492 plangentia
2498 2406 2772 2493 iungunt

909 2523 1217 2611 Agmina.
1258 2523 1431 2599 Quae
1472 2538 1806 2606 postquam
1849 2537 2080 2581 matres
2123 2520 2462 2583 succedere
2505 2524 2700 2584 tectis

900 2639 1255 2716 Viderunt,
1298 2658 1589 2704 maestam
1632 2637 1985 2702 incendunt
2027 2638 2414 2704 clamoribus
2455 2639 2698 2704 urbem.

904 2763 989 2821 At
1030 2783 1151 2823 non
1194 2759 1553 2826 Euandrum
1599 2763 1768 2846 potia
1806 2775 1899 2820 eat
1940 2761 2038 2822 via
2077 2757 2208 2822 ulla
2252 2776 2502 2823 tenere:

902 2877 1025 2942 Sed
1062 2883 1237 2942 venit
1280 2882 1351 2944 in
1390 2879 1656 2942 medios·
1698 2881 1965 2940 Feretro
2009 2876 2304 2941 Pallanta
2343 2895 2596 2964 reposto

902 2999 1246 3062 Procubuit
1276 3017 1465 3084 anper
1482 3045 1500 3074 ,
1522 3017 1722 3082 atque
1743 2994 1958 3059 haeret
1989 2996 2474 3086 lacrymansque
2485 3017 2900 3088 gemensque,

907 3119 989 3177 Et
1028 3119 1134 3178 via
1176 3119 1284 3178 vix
1328 3114 1581 3178 tandem
1624 3117 1766 3178 voci
1811 3114 2028 3179 laxata
2063 3115 2283 3181 dolore
2322 3135 2454 3180 est:

898 3234 1040 3296 Non
1086 3232 1279 3308 haec,
1317 3255 1354 3295 o
1396 3233 1605 3308 Palla,
1642 3231 1914 3296 dederas
1956 3238 2258 3322 promissa
2299 3238 2581 3322 parenti.

902 3353 1177 3414 Cautius
1215 3370 1288 3412 ut
1323 3371 1511 3412 saevo
1554 3349 1751 3412 velles
1792 3367 1857 3414 te
1897 3353 2156 3418 credere
2193 3349 2414 3417 marti!

902 3470 1086 3534 Haud
1126 3473 1384 3560 ignarus
1428 3489 1629 3544 eram,
1672 3485 1984 3556 quantum
2027 3493 2190 3535 nova
2231 3470 2435 3562 gloria
2479 3475 2548 3536 in
2579 3473 2804 3538 armis,

898 3591 977 3650 Et
1024 3585 1365 3673 praedulce
1402 3585 1595 3650 decus
1636 3589 1844 3672 primo
1880 3595 2228 3654 certamine
2267 3609 2508 3678 posset.

902 3710 1235 3772 Primitiae
1270 3708 1525 3770 iuvenis
1568 3703 1862 3770 miserae!
1909 3708 2194 3798 bellique
2227 3713 2580 3800 propinqui

894 3831 1075 3890 Dura
1111 3817 1499 3892 rudimenta!
1542 3843 1603 3888 et
1651 3825 1814 3889 nulli
1867 3829 2175 3893 exaudita
2212 3828 2471 3894 deorum

890 3947 1060 4010 Vota
1092 3967 1442 4036 precesque
1483 3937 1683 4008 meae!
1724 3963 1959 4034 tuque,
1999 3972 2037 4011 o
2079 3952 2479 4014 sanctissima
2515 3953 2792 4026 coniux,
