<?xml version="1.0" encoding="UTF-8"?>
<!DOCTYPE html PUBLIC "-//W3C//DTD XHTML 1.0 Transitional//EN"
    "http://www.w3.org/TR/xhtml1/DTD/xhtml1-transitional.dtd">
<html xmlns="http://www.w3.org/1999/xhtml" xml:lang="en" lang="en">
 <head>
  <title>
</title>
<meta http-equiv="Content-Type" content="text/html;charset=utf-8" />
  <meta name='ocr-system' content='tesseract 3.04.00' />
  <meta name='ocr-capabilities' content='ocr_page ocr_carea ocr_par ocr_line ocrx_word'/>
</head>
<body>
  <div class='ocr_page' id='page_1' title='image "./pvirgiliimaroni04unkngoog/pvirgiliimaroni04unkngoog_0181.png"; bbox 0 0 3400 5175; ppageno 0'>
   <div class='ocr_carea' id='block_1_1' title="bbox 1016 628 2504 732">
    <p class='ocr_par' dir='ltr' id='par_1_1' title="bbox 1016 628 2504 732">
     <span class='ocr_line' id='line_1_1' title="bbox 1016 628 2504 732; baseline 0.002 -30"><span class='ocrx_word' id='word_1_1' title='bbox 1016 648 1477 704; x_wconf 70' lang='lat' dir='ltr'>Annzmos</span> <span class='ocrx_word' id='word_1_2' title='bbox 1540 649 1714 704; x_wconf 81' lang='lat' dir='ltr'>mn.</span> <span class='ocrx_word' id='word_1_3' title='bbox 1778 652 1907 705; x_wconf 85' lang='lat' dir='ltr'>xr.</span> <span class='ocrx_word' id='word_1_4' title='bbox 2061 628 2225 732; x_wconf 86' lang='lat'>439</span> <span class='ocrx_word' id='word_1_5' title='bbox 2352 628 2504 732; x_wconf 80' lang='lat'>¹75</span> 
     </span>
    </p>
   </div>
   <div class='ocr_carea' id='block_1_2' title="bbox 608 780 2601 4082">
    <p class='ocr_par' dir='ltr' id='par_1_2' title="bbox 614 780 2438 1203">
     <span class='ocr_line' id='line_1_2' title="bbox 618 780 2302 869; baseline 0.004 -28"><span class='ocrx_word' id='word_1_6' title='bbox 618 782 939 866; x_wconf 76' lang='lat' dir='ltr'><strong>Factaque</strong></span> <span class='ocrx_word' id='word_1_7' title='bbox 980 780 1259 843; x_wconf 83' lang='lat' dir='ltr'>Vulcani</span> <span class='ocrx_word' id='word_1_8' title='bbox 1298 780 1593 847; x_wconf 77' lang='lat' dir='ltr'>manibus</span> <span class='ocrx_word' id='word_1_9' title='bbox 1636 786 1820 869; x_wconf 84' lang='lat' dir='ltr'>paria</span> <span class='ocrx_word' id='word_1_10' title='bbox 1859 782 2090 847; x_wconf 83' lang='lat' dir='ltr'>induat</span> <span class='ocrx_word' id='word_1_11' title='bbox 2131 804 2302 847; x_wconf 89' lang='lat' dir='ltr'>arma</span> 
     </span>
     <span class='ocr_line' id='line_1_3' title="bbox 620 896 2388 991; baseline 0.004 -32"><span class='ocrx_word' id='word_1_12' title='bbox 620 897 744 961; x_wconf 88' lang='lat' dir='ltr'>Ille</span> <span class='ocrx_word' id='word_1_13' title='bbox 786 897 977 961; x_wconf 88' lang='lat' dir='ltr'>licet.</span> <span class='ocrx_word' id='word_1_14' title='bbox 1014 896 1216 961; x_wconf 78' lang='lat' dir='ltr'>Vobis</span> <span class='ocrx_word' id='word_1_15' title='bbox 1254 900 1524 963; x_wconf 88' lang='lat' dir='ltr'>animam</span> <span class='ocrx_word' id='word_1_16' title='bbox 1570 899 1734 964; x_wconf 87' lang='lat' dir='ltr'>hanc</span> <span class='ocrx_word' id='word_1_17' title='bbox 1774 923 2120 991; x_wconf 72' lang='lat' dir='ltr'>soceroque</span> <span class='ocrx_word' id='word_1_18' title='bbox 2157 906 2388 966; x_wconf 87' lang='lat' dir='ltr'>Latino</span> 
     </span>
     <span class='ocr_line' id='line_1_4' title="bbox 614 1013 2438 1105; baseline 0.004 -28"><span class='ocrx_word' id='word_1_19' title='bbox 614 1018 867 1079; x_wconf 85' lang='lat' dir='ltr'>Turnus</span> <span class='ocrx_word' id='word_1_20' title='bbox 907 1036 1063 1105; x_wconf 84' lang='lat' dir='ltr'>ego,</span> <span class='ocrx_word' id='word_1_21' title='bbox 1105 1013 1275 1080; x_wconf 87' lang='lat' dir='ltr'>haud</span> <span class='ocrx_word' id='word_1_22' title='bbox 1312 1016 1433 1080; x_wconf 90' lang='lat' dir='ltr'>ulli</span> <span class='ocrx_word' id='word_1_23' title='bbox 1472 1036 1758 1083; x_wconf 75' lang='lat' dir='ltr'>veterum</span> <span class='ocrx_word' id='word_1_24' title='bbox 1799 1025 2052 1085; x_wconf 81' lang='lat' dir='ltr'>virtute</span> <span class='ocrx_word' id='word_1_25' title='bbox 2092 1020 2438 1100; x_wconf 82' lang='lat' dir='ltr'>secundus,</span> 
     </span>
     <span class='ocr_line' id='line_1_5' title="bbox 614 1134 2258 1203; baseline 0.004 -9"><span class='ocrx_word' id='word_1_26' title='bbox 614 1134 888 1197; x_wconf 76' lang='lat' dir='ltr'>Devovi.</span> <span class='ocrx_word' id='word_1_27' title='bbox 942 1135 1155 1198; x_wconf 90' lang='lat' dir='ltr'>Solum</span> <span class='ocrx_word' id='word_1_28' title='bbox 1201 1140 1445 1199; x_wconf 78' lang='lat' dir='ltr'>Aeneas</span> <span class='ocrx_word' id='word_1_29' title='bbox 1482 1156 1712 1203; x_wconf 75' lang='lat' dir='ltr'>vocat.</span> <span class='ocrx_word' id='word_1_30' title='bbox 1767 1142 1845 1200; x_wconf 85' lang='lat' dir='ltr'>Et</span> <span class='ocrx_word' id='word_1_31' title='bbox 1889 1156 2076 1202; x_wconf 82' lang='lat' dir='ltr'>vocet</span> <span class='ocrx_word' id='word_1_32' title='bbox 2117 1160 2258 1203; x_wconf 91' lang='lat' dir='ltr'>oro.</span> 
     </span>
    </p>

    <p class='ocr_par' dir='ltr' id='par_1_3' title="bbox 612 1254 2337 1464">
     <span class='ocr_line' id='line_1_6' title="bbox 613 1254 2337 1340; baseline 0.004 -26"><span class='ocrx_word' id='word_1_33' title='bbox 613 1256 745 1315; x_wconf 87' lang='lat' dir='ltr'>Nec</span> <span class='ocrx_word' id='word_1_34' title='bbox 788 1258 1065 1319; x_wconf 76' lang='lat' dir='ltr'>Drances</span> <span class='ocrx_word' id='word_1_35' title='bbox 1106 1258 1357 1340; x_wconf 68' lang='lat' dir='ltr'>potius,</span> <span class='ocrx_word' id='word_1_36' title='bbox 1396 1259 1530 1319; x_wconf 82' lang='lat' dir='ltr'>sive</span> <span class='ocrx_word' id='word_1_37' title='bbox 1573 1274 1665 1317; x_wconf 88' lang='lat' dir='ltr'>est</span> <span class='ocrx_word' id='word_1_38' title='bbox 1710 1254 1868 1319; x_wconf 87' lang='lat' dir='ltr'>haec</span> <span class='ocrx_word' id='word_1_39' title='bbox 1909 1260 2006 1320; x_wconf 87' lang='lat' dir='ltr'>ira</span> <span class='ocrx_word' id='word_1_40' title='bbox 2042 1256 2337 1337; x_wconf 82' lang='lat' dir='ltr'>deorum,</span> 
     </span>
     <span class='ocr_line' id='line_1_7' title="bbox 612 1373 2250 1464; baseline 0.004 -32"><span class='ocrx_word' id='word_1_41' title='bbox 612 1375 829 1433; x_wconf 81' lang='lat' dir='ltr'>Morte</span> <span class='ocrx_word' id='word_1_42' title='bbox 866 1373 1035 1450; x_wconf 88' lang='lat' dir='ltr'>luat;</span> <span class='ocrx_word' id='word_1_43' title='bbox 1078 1377 1214 1437; x_wconf 86' lang='lat' dir='ltr'>sive</span> <span class='ocrx_word' id='word_1_44' title='bbox 1253 1392 1347 1436; x_wconf 87' lang='lat' dir='ltr'>est</span> <span class='ocrx_word' id='word_1_45' title='bbox 1393 1376 1599 1437; x_wconf 79' lang='lat' dir='ltr'>virtus</span> <span class='ocrx_word' id='word_1_46' title='bbox 1640 1392 1706 1435; x_wconf 88' lang='lat' dir='ltr'>et</span> <span class='ocrx_word' id='word_1_47' title='bbox 1747 1376 1990 1464; x_wconf 88' lang='lat' dir='ltr'>gloria,</span> <span class='ocrx_word' id='word_1_48' title='bbox 2030 1374 2250 1439; x_wconf 87' lang='lat' dir='ltr'>tollat.</span> 
     </span>
    </p>

    <p class='ocr_par' dir='ltr' id='par_1_4' title="bbox 609 1490 2601 2776">
     <span class='ocr_line' id='line_1_8' title="bbox 708 1490 2256 1583; baseline 0.004 -32"><span class='ocrx_word' id='word_1_49' title='bbox 708 1491 819 1555; x_wconf 88' lang='lat' dir='ltr'>Illi</span> <span class='ocrx_word' id='word_1_50' title='bbox 862 1490 1018 1556; x_wconf 86' lang='lat' dir='ltr'>haec</span> <span class='ocrx_word' id='word_1_51' title='bbox 1059 1496 1227 1556; x_wconf 86' lang='lat' dir='ltr'>inter</span> <span class='ocrx_word' id='word_1_52' title='bbox 1263 1514 1331 1556; x_wconf 86' lang='lat' dir='ltr'>se</span> <span class='ocrx_word' id='word_1_53' title='bbox 1368 1490 1589 1557; x_wconf 87' lang='lat' dir='ltr'>dubiis</span> <span class='ocrx_word' id='word_1_54' title='bbox 1626 1490 1706 1554; x_wconf 88' lang='lat' dir='ltr'>de</span> <span class='ocrx_word' id='word_1_55' title='bbox 1747 1492 1936 1557; x_wconf 89' lang='lat' dir='ltr'>rebus</span> <span class='ocrx_word' id='word_1_56' title='bbox 1977 1490 2256 1583; x_wconf 80' lang='lat' dir='ltr'>agebant</span> 
     </span>
     <span class='ocr_line' id='line_1_9' title="bbox 612 1610 2264 1699; baseline 0.003 -30"><span class='ocrx_word' id='word_1_57' title='bbox 612 1611 980 1673; x_wconf 76' lang='lat' dir='ltr'>certantes:</span> <span class='ocrx_word' id='word_1_58' title='bbox 1022 1632 1237 1674; x_wconf 84' lang='lat' dir='ltr'>castra</span> <span class='ocrx_word' id='word_1_59' title='bbox 1278 1618 1525 1675; x_wconf 82' lang='lat' dir='ltr'>Aeneas</span> <span class='ocrx_word' id='word_1_60' title='bbox 1566 1612 1901 1699; x_wconf 78' lang='lat' dir='ltr'>aciemque</span> <span class='ocrx_word' id='word_1_61' title='bbox 1945 1610 2264 1678; x_wconf 76' lang='lat' dir='ltr'>movebat.</span> 
     </span>
     <span class='ocr_line' id='line_1_10' title="bbox 610 1729 2108 1821; baseline 0.004 -32"><span class='ocrx_word' id='word_1_62' title='bbox 610 1729 893 1791; x_wconf 78' lang='lat' dir='ltr'><strong>Nuntius</strong></span> <span class='ocrx_word' id='word_1_63' title='bbox 934 1731 1187 1820; x_wconf 80' lang='lat' dir='ltr'>ingenti</span> <span class='ocrx_word' id='word_1_64' title='bbox 1229 1750 1342 1817; x_wconf 90' lang='lat' dir='ltr'>per</span> <span class='ocrx_word' id='word_1_65' title='bbox 1382 1732 1565 1821; x_wconf 80' lang='lat' dir='ltr'>regia</span> <span class='ocrx_word' id='word_1_66' title='bbox 1606 1748 1776 1795; x_wconf 89' lang='lat' dir='ltr'>tecta</span> <span class='ocrx_word' id='word_1_67' title='bbox 1819 1730 2108 1795; x_wconf 87' lang='lat' dir='ltr'>tumultu</span> 
     </span>
     <span class='ocr_line' id='line_1_11' title="bbox 612 1847 2362 1939; baseline 0.005 -34"><span class='ocrx_word' id='word_1_68' title='bbox 612 1847 775 1909; x_wconf 87' lang='lat' dir='ltr'>Ecce</span> <span class='ocrx_word' id='word_1_69' title='bbox 814 1851 981 1929; x_wconf 88' lang='lat' dir='ltr'>ruit,</span> <span class='ocrx_word' id='word_1_70' title='bbox 1022 1850 1401 1939; x_wconf 75' lang='lat' dir='ltr'>magnisque</span> <span class='ocrx_word' id='word_1_71' title='bbox 1440 1848 1663 1914; x_wconf 86' lang='lat' dir='ltr'>urbem</span> <span class='ocrx_word' id='word_1_72' title='bbox 1707 1847 2057 1913; x_wconf 84' lang='lat' dir='ltr'>terroribus</span> <span class='ocrx_word' id='word_1_73' title='bbox 2098 1847 2362 1937; x_wconf 83' lang='lat' dir='ltr'>implet:</span> 
     </span>
     <span class='ocr_line' id='line_1_12' title="bbox 612 1965 2190 2033; baseline 0.004 -8"><span class='ocrx_word' id='word_1_74' title='bbox 612 1968 967 2031; x_wconf 89' lang='lat' dir='ltr'>Instructos</span> <span class='ocrx_word' id='word_1_75' title='bbox 1008 1972 1147 2031; x_wconf 88' lang='lat' dir='ltr'>acie</span> <span class='ocrx_word' id='word_1_76' title='bbox 1186 1968 1495 2031; x_wconf 86' lang='lat' dir='ltr'>Tiberino</span> <span class='ocrx_word' id='word_1_77' title='bbox 1534 1990 1571 2031; x_wconf 96' lang='lat' dir='ltr'>a</span> <span class='ocrx_word' id='word_1_78' title='bbox 1608 1965 1868 2031; x_wconf 82' lang='lat' dir='ltr'>flumine</span> <span class='ocrx_word' id='word_1_79' title='bbox 1909 1972 2190 2033; x_wconf 84' lang='lat' dir='ltr'>Teucros</span> 
     </span>
     <span class='ocr_line' id='line_1_13' title="bbox 609 2082 2372 2175; baseline 0.003 -29"><span class='ocrx_word' id='word_1_80' title='bbox 609 2082 1137 2173; x_wconf 77' lang='lat' dir='ltr'>Tyrrhenamque</span> <span class='ocrx_word' id='word_1_81' title='bbox 1176 2108 1423 2149; x_wconf 87' lang='lat' dir='ltr'>manum</span> <span class='ocrx_word' id='word_1_82' title='bbox 1466 2092 1627 2151; x_wconf 88' lang='lat' dir='ltr'>totis</span> <span class='ocrx_word' id='word_1_83' title='bbox 1668 2085 2050 2152; x_wconf 76' lang='lat' dir='ltr'>descendere</span> <span class='ocrx_word' id='word_1_84' title='bbox 2090 2090 2372 2175; x_wconf 85' lang='lat' dir='ltr'>campis.</span> 
     </span>
     <span class='ocr_line' id='line_1_14' title="bbox 610 2203 2218 2295; baseline 0.001 -30"><span class='ocrx_word' id='word_1_85' title='bbox 610 2204 953 2290; x_wconf 83' lang='lat' dir='ltr'>Extemplo</span> <span class='ocrx_word' id='word_1_86' title='bbox 996 2203 1243 2269; x_wconf 87' lang='lat' dir='ltr'>turbati</span> <span class='ocrx_word' id='word_1_87' title='bbox 1284 2207 1519 2280; x_wconf 86' lang='lat' dir='ltr'>animi,</span> <span class='ocrx_word' id='word_1_88' title='bbox 1562 2227 1998 2293; x_wconf 87' lang='lat' dir='ltr'>concussaque</span> <span class='ocrx_word' id='word_1_89' title='bbox 2033 2204 2218 2295; x_wconf 80' lang='lat' dir='ltr'>vulgi</span> 
     </span>
     <span class='ocr_line' id='line_1_15' title="bbox 614 2320 2437 2400; baseline -0.001 -16"><span class='ocrx_word' id='word_1_90' title='bbox 614 2324 911 2400; x_wconf 88' lang='lat' dir='ltr'>Pectora,</span> <span class='ocrx_word' id='word_1_91' title='bbox 952 2341 1017 2387; x_wconf 91' lang='lat' dir='ltr'>et</span> <span class='ocrx_word' id='word_1_92' title='bbox 1056 2325 1353 2389; x_wconf 80' lang='lat' dir='ltr'>adrectae</span> <span class='ocrx_word' id='word_1_93' title='bbox 1394 2322 1677 2387; x_wconf 80' lang='lat' dir='ltr'>stimulis</span> <span class='ocrx_word' id='word_1_94' title='bbox 1717 2321 1894 2387; x_wconf 88' lang='lat' dir='ltr'>haud</span> <span class='ocrx_word' id='word_1_95' title='bbox 1933 2320 2231 2386; x_wconf 82' lang='lat' dir='ltr'>mollibus</span> <span class='ocrx_word' id='word_1_96' title='bbox 2271 2322 2437 2384; x_wconf 87' lang='lat' dir='ltr'>irae.</span> 
     </span>
     <span class='ocr_line' id='line_1_16' title="bbox 612 2439 2504 2534; baseline -0.002 -31"><span class='ocrx_word' id='word_1_97' title='bbox 612 2444 795 2504; x_wconf 78' lang='lat' dir='ltr'>Arma</span> <span class='ocrx_word' id='word_1_98' title='bbox 835 2464 1019 2507; x_wconf 87' lang='lat' dir='ltr'>manu</span> <span class='ocrx_word' id='word_1_99' title='bbox 1068 2442 1305 2530; x_wconf 82' lang='lat' dir='ltr'>trepidi</span> <span class='ocrx_word' id='word_1_100' title='bbox 1346 2460 1655 2534; x_wconf 81' lang='lat' dir='ltr'>poscunt3</span> <span class='ocrx_word' id='word_1_101' title='bbox 1696 2439 1914 2507; x_wconf 86' lang='lat' dir='ltr'>fremit</span> <span class='ocrx_word' id='word_1_102' title='bbox 1955 2462 2128 2505; x_wconf 89' lang='lat' dir='ltr'>arma</span> <span class='ocrx_word' id='word_1_103' title='bbox 2163 2442 2504 2515; x_wconf 78' lang='lat' dir='ltr'>iuventu83</span> 
     </span>
     <span class='ocr_line' id='line_1_17' title="bbox 609 2558 2601 2652; baseline -0.002 -27"><span class='ocrx_word' id='word_1_104' title='bbox 609 2560 793 2626; x_wconf 77' lang='lat' dir='ltr'>Flent</span> <span class='ocrx_word' id='word_1_105' title='bbox 830 2564 1053 2626; x_wconf 86' lang='lat' dir='ltr'>maesti</span> <span class='ocrx_word' id='word_1_106' title='bbox 1090 2583 1504 2652; x_wconf 80' lang='lat' dir='ltr'>mussantque</span> <span class='ocrx_word' id='word_1_107' title='bbox 1536 2582 1790 2652; x_wconf 84' lang='lat' dir='ltr'>patres.</span> <span class='ocrx_word' id='word_1_108' title='bbox 1833 2563 1999 2626; x_wconf 88' lang='lat' dir='ltr'>Hinc</span> <span class='ocrx_word' id='word_1_109' title='bbox 2033 2558 2322 2647; x_wconf 89' lang='lat' dir='ltr'>undique</span> <span class='ocrx_word' id='word_1_110' title='bbox 2364 2558 2601 2623; x_wconf 88' lang='lat' dir='ltr'>clamor</span> 
     </span>
     <span class='ocr_line' id='line_1_18' title="bbox 616 2681 2131 2776; baseline -0.003 -32"><span class='ocrx_word' id='word_1_111' title='bbox 616 2684 910 2747; x_wconf 85' lang='lat' dir='ltr'>Dissensu</span> <span class='ocrx_word' id='word_1_112' title='bbox 948 2685 1131 2748; x_wconf 77' lang='lat' dir='ltr'>vario</span> <span class='ocrx_word' id='word_1_113' title='bbox 1166 2706 1430 2776; x_wconf 85' lang='lat' dir='ltr'>magnus</span> <span class='ocrx_word' id='word_1_114' title='bbox 1468 2705 1535 2747; x_wconf 88' lang='lat' dir='ltr'>se</span> <span class='ocrx_word' id='word_1_115' title='bbox 1578 2681 1752 2746; x_wconf 88' lang='lat' dir='ltr'>tollit</span> <span class='ocrx_word' id='word_1_116' title='bbox 1796 2684 1863 2742; x_wconf 91' lang='lat' dir='ltr'>in</span> <span class='ocrx_word' id='word_1_117' title='bbox 1905 2699 2131 2742; x_wconf 85' lang='lat' dir='ltr'>auras:</span> 
     </span>
    </p>

    <p class='ocr_par' dir='ltr' id='par_1_5' title="bbox 609 2794 2502 3009">
     <span class='ocr_line' id='line_1_19' title="bbox 612 2794 2502 2892; baseline -0.003 -28"><span class='ocrx_word' id='word_1_118' title='bbox 612 2801 799 2866; x_wconf 86' lang='lat' dir='ltr'>Haud</span> <span class='ocrx_word' id='word_1_119' title='bbox 842 2825 1055 2881; x_wconf 80' lang='lat' dir='ltr'>secus,</span> <span class='ocrx_word' id='word_1_120' title='bbox 1096 2821 1297 2892; x_wconf 87' lang='lat' dir='ltr'>atque</span> <span class='ocrx_word' id='word_1_121' title='bbox 1332 2804 1469 2867; x_wconf 92' lang='lat' dir='ltr'>alto</span> <span class='ocrx_word' id='word_1_122' title='bbox 1494 2805 1564 2865; x_wconf 90' lang='lat' dir='ltr'>in</span> <span class='ocrx_word' id='word_1_123' title='bbox 1584 2800 1736 2865; x_wconf 91' lang='lat' dir='ltr'>luco</span> <span class='ocrx_word' id='word_1_124' title='bbox 1777 2821 1972 2889; x_wconf 84' lang='lat' dir='ltr'>quum</span> <span class='ocrx_word' id='word_1_125' title='bbox 2014 2794 2180 2864; x_wconf 85' lang='lat' dir='ltr'>forte</span> <span class='ocrx_word' id='word_1_126' title='bbox 2204 2813 2502 2860; x_wconf 81' lang='lat' dir='ltr'>catervae</span> 
     </span>
     <span class='ocr_line' id='line_1_20' title="bbox 609 2915 2174 3009; baseline -0.003 -27"><span class='ocrx_word' id='word_1_127' title='bbox 609 2919 959 2986; x_wconf 74' lang='lat' dir='ltr'>Consedere</span> <span class='ocrx_word' id='word_1_128' title='bbox 1001 2925 1253 3000; x_wconf 78' lang='lat' dir='ltr'>avium,</span> <span class='ocrx_word' id='word_1_129' title='bbox 1296 2925 1627 3009; x_wconf 70' lang='lat' dir='ltr'>piscosove</span> <span class='ocrx_word' id='word_1_130' title='bbox 1666 2940 1848 2982; x_wconf 87' lang='lat' dir='ltr'>amne</span> <span class='ocrx_word' id='word_1_131' title='bbox 1887 2915 2174 2981; x_wconf 86' lang='lat' dir='ltr'>Padusae</span> 
     </span>
    </p>

    <p class='ocr_par' dir='ltr' id='par_1_6' title="bbox 608 3037 2356 3366">
     <span class='ocr_line' id='line_1_21' title="bbox 608 3037 2356 3132; baseline -0.002 -32"><span class='ocrx_word' id='word_1_132' title='bbox 608 3041 775 3102; x_wconf 89' lang='lat' dir='ltr'>Dant</span> <span class='ocrx_word' id='word_1_133' title='bbox 816 3042 1091 3103; x_wconf 88' lang='lat' dir='ltr'>sonitum</span> <span class='ocrx_word' id='word_1_134' title='bbox 1130 3045 1309 3105; x_wconf 88' lang='lat' dir='ltr'>rauci</span> <span class='ocrx_word' id='word_1_135' title='bbox 1350 3063 1466 3127; x_wconf 89' lang='lat' dir='ltr'>per</span> <span class='ocrx_word' id='word_1_136' title='bbox 1506 3061 1736 3132; x_wconf 85' lang='lat' dir='ltr'>stagna</span> <span class='ocrx_word' id='word_1_137' title='bbox 1774 3039 2078 3125; x_wconf 88' lang='lat' dir='ltr'>loquacia</span> <span class='ocrx_word' id='word_1_138' title='bbox 2117 3037 2356 3124; x_wconf 81' lang='lat' dir='ltr'>cycni.</span> 
     </span>
     <span class='ocr_line' id='line_1_22' title="bbox 612 3159 2340 3245; baseline -0.002 -26"><span class='ocrx_word' id='word_1_139' title='bbox 612 3161 841 3234; x_wconf 88' lang='lat' dir='ltr'>Immo,</span> <span class='ocrx_word' id='word_1_140' title='bbox 878 3163 1011 3235; x_wconf 91' lang='lat' dir='ltr'>ait,</span> <span class='ocrx_word' id='word_1_141' title='bbox 1052 3181 1091 3222; x_wconf 92' lang='lat' dir='ltr'>o</span> <span class='ocrx_word' id='word_1_142' title='bbox 1130 3163 1339 3238; x_wconf 81' lang='lat' dir='ltr'>cives,</span> <span class='ocrx_word' id='word_1_143' title='bbox 1380 3160 1651 3245; x_wconf 89' lang='lat' dir='ltr'>adrepto</span> <span class='ocrx_word' id='word_1_144' title='bbox 1697 3179 2011 3244; x_wconf 90' lang='lat' dir='ltr'>tempore,</span> <span class='ocrx_word' id='word_1_145' title='bbox 2052 3159 2340 3232; x_wconf 83' lang='lat' dir='ltr'>Turnus,</span> 
     </span>
     <span class='ocr_line' id='line_1_23' title="bbox 612 3275 2285 3366; baseline 0.002 -30"><span class='ocrx_word' id='word_1_146' title='bbox 612 3277 841 3364; x_wconf 84' lang='lat' dir='ltr'>Cogite</span> <span class='ocrx_word' id='word_1_147' title='bbox 880 3277 1260 3360; x_wconf 87' lang='lat' dir='ltr'>concilium,</span> <span class='ocrx_word' id='word_1_148' title='bbox 1302 3299 1365 3342; x_wconf 89' lang='lat' dir='ltr'>et</span> <span class='ocrx_word' id='word_1_149' title='bbox 1407 3301 1625 3366; x_wconf 84' lang='lat' dir='ltr'>pacem</span> <span class='ocrx_word' id='word_1_150' title='bbox 1663 3277 1926 3343; x_wconf 87' lang='lat' dir='ltr'>laudate</span> <span class='ocrx_word' id='word_1_151' title='bbox 1961 3275 2285 3340; x_wconf 83' lang='lat' dir='ltr'>sedentes:</span> 
     </span>
    </p>

    <p class='ocr_par' dir='ltr' id='par_1_7' title="bbox 610 3394 2317 3602">
     <span class='ocr_line' id='line_1_24' title="bbox 615 3394 2317 3488; baseline 0 -31"><span class='ocrx_word' id='word_1_152' title='bbox 615 3394 723 3458; x_wconf 89' lang='lat' dir='ltr'>Illi</span> <span class='ocrx_word' id='word_1_153' title='bbox 763 3398 949 3462; x_wconf 84' lang='lat' dir='ltr'>armis</span> <span class='ocrx_word' id='word_1_154' title='bbox 989 3399 1055 3460; x_wconf 89' lang='lat' dir='ltr'>in</span> <span class='ocrx_word' id='word_1_155' title='bbox 1096 3421 1292 3488; x_wconf 84' lang='lat' dir='ltr'>regua</span> <span class='ocrx_word' id='word_1_156' title='bbox 1334 3417 1553 3463; x_wconf 89' lang='lat' dir='ltr'>ruant.</span> <span class='ocrx_word' id='word_1_157' title='bbox 1602 3401 1738 3461; x_wconf 86' lang='lat' dir='ltr'>Nec</span> <span class='ocrx_word' id='word_1_158' title='bbox 1777 3397 1962 3483; x_wconf 91' lang='lat' dir='ltr'>plura</span> <span class='ocrx_word' id='word_1_159' title='bbox 2005 3395 2317 3484; x_wconf 80' lang='lat' dir='ltr'>loquutus</span> 
     </span>
     <span class='ocr_line' id='line_1_25' title="bbox 610 3514 2202 3602; baseline 0.001 -26"><span class='ocrx_word' id='word_1_160' title='bbox 610 3519 934 3602; x_wconf 87' lang='lat' dir='ltr'>Corripuit</span> <span class='ocrx_word' id='word_1_161' title='bbox 973 3539 1140 3592; x_wconf 85' lang='lat' dir='ltr'>sese,</span> <span class='ocrx_word' id='word_1_162' title='bbox 1180 3535 1245 3580; x_wconf 91' lang='lat' dir='ltr'>et</span> <span class='ocrx_word' id='word_1_163' title='bbox 1290 3522 1481 3582; x_wconf 89' lang='lat' dir='ltr'>tectis</span> <span class='ocrx_word' id='word_1_164' title='bbox 1526 3521 1695 3582; x_wconf 91' lang='lat' dir='ltr'>citus</span> <span class='ocrx_word' id='word_1_165' title='bbox 1735 3517 1972 3580; x_wconf 85' lang='lat' dir='ltr'>extulit</span> <span class='ocrx_word' id='word_1_166' title='bbox 2013 3514 2202 3578; x_wconf 88' lang='lat' dir='ltr'>altis.</span> 
     </span>
    </p>

    <p class='ocr_par' dir='ltr' id='par_1_8' title="bbox 608 3630 2550 3954">
     <span class='ocr_line' id='line_1_26' title="bbox 608 3630 2550 3732; baseline -0.002 -36"><span class='ocrx_word' id='word_1_167' title='bbox 608 3637 739 3712; x_wconf 88' lang='lat' dir='ltr'>Tu,</span> <span class='ocrx_word' id='word_1_168' title='bbox 780 3636 1056 3711; x_wconf 81' lang='lat' dir='ltr'>Voluse‚</span> <span class='ocrx_word' id='word_1_169' title='bbox 1098 3641 1329 3700; x_wconf 86' lang='lat' dir='ltr'>armari</span> <span class='ocrx_word' id='word_1_170' title='bbox 1374 3638 1748 3703; x_wconf 81' lang='lat' dir='ltr'>Volscorum</span> <span class='ocrx_word' id='word_1_171' title='bbox 1793 3635 1978 3699; x_wconf 85' lang='lat' dir='ltr'>edice</span> <span class='ocrx_word' id='word_1_172' title='bbox 2020 3630 2356 3717; x_wconf 71' lang='lat' dir='ltr'>maniplisr,</span> <span class='ocrx_word' id='word_1_173' title='bbox 2545 3727 2550 3732; x_wconf 26' lang='grc'><em>“</em></span> 
     </span>
     <span class='ocr_line' id='line_1_27' title="bbox 610 3751 2501 3845; baseline -0.002 -31"><span class='ocrx_word' id='word_1_174' title='bbox 610 3757 745 3816; x_wconf 65' lang='grc' dir='ltr'>1)ωο</span> <span class='ocrx_word' id='word_1_175' title='bbox 767 3801 785 3830; x_wconf 94' lang='grc'><strong>,</strong></span> <span class='ocrx_word' id='word_1_176' title='bbox 828 3758 921 3817; x_wconf 87' lang='lat' dir='ltr'>ait</span> <span class='ocrx_word' id='word_1_177' title='bbox 942 3801 961 3830; x_wconf 94' lang='lat'>,</span> <span class='ocrx_word' id='word_1_178' title='bbox 989 3775 1051 3818; x_wconf 89' lang='lat' dir='ltr'>et</span> <span class='ocrx_word' id='word_1_179' title='bbox 1080 3757 1379 3822; x_wconf 84' lang='lat' dir='ltr'>Rutulos.</span> <span class='ocrx_word' id='word_1_180' title='bbox 1422 3759 1720 3845; x_wconf 82' lang='lat' dir='ltr'>Equitem</span> <span class='ocrx_word' id='word_1_181' title='bbox 1745 3801 1764 3830; x_wconf 94' lang='lat'>‚</span> <span class='ocrx_word' id='word_1_182' title='bbox 1801 3759 2166 3838; x_wconf 73' lang='lat' dir='ltr'>Messapus,</span> <span class='ocrx_word' id='word_1_183' title='bbox 2187 3751 2257 3812; x_wconf 90' lang='lat' dir='ltr'>in</span> <span class='ocrx_word' id='word_1_184' title='bbox 2281 3751 2501 3824; x_wconf 85' lang='lat' dir='ltr'>armis,</span> 
     </span>
     <span class='ocr_line' id='line_1_28' title="bbox 612 3869 2292 3954; baseline -0.003 -22"><span class='ocrx_word' id='word_1_185' title='bbox 612 3876 691 3934; x_wconf 86' lang='lat' dir='ltr'>Et</span> <span class='ocrx_word' id='word_1_186' title='bbox 726 3897 873 3940; x_wconf 87' lang='lat' dir='ltr'>cum</span> <span class='ocrx_word' id='word_1_187' title='bbox 914 3871 1109 3938; x_wconf 84' lang='lat' dir='ltr'>fratre</span> <span class='ocrx_word' id='word_1_188' title='bbox 1150 3879 1399 3954; x_wconf 85' lang='lat' dir='ltr'>Corax,</span> <span class='ocrx_word' id='word_1_189' title='bbox 1438 3875 1589 3940; x_wconf 87' lang='lat' dir='ltr'>latis</span> <span class='ocrx_word' id='word_1_190' title='bbox 1629 3870 1980 3940; x_wconf 84' lang='lat' dir='ltr'>diffundite</span> <span class='ocrx_word' id='word_1_191' title='bbox 2017 3869 2292 3953; x_wconf 86' lang='lat' dir='ltr'>campis.</span> 
     </span>
    </p>

    <p class='ocr_par' dir='ltr' id='par_1_9' title="bbox 610 3991 2348 4082">
     <span class='ocr_line' id='line_1_29' title="bbox 610 3991 2348 4082; baseline -0.001 -28"><span class='ocrx_word' id='word_1_192' title='bbox 610 3995 757 4058; x_wconf 82' lang='lat' dir='ltr'>Pars</span> <span class='ocrx_word' id='word_1_193' title='bbox 796 3993 1013 4059; x_wconf 86' lang='lat' dir='ltr'>aditus</span> <span class='ocrx_word' id='word_1_194' title='bbox 1056 3995 1233 4061; x_wconf 85' lang='lat' dir='ltr'>urbis</span> <span class='ocrx_word' id='word_1_195' title='bbox 1267 3993 1549 4074; x_wconf 86' lang='lat' dir='ltr'>firment,</span> <span class='ocrx_word' id='word_1_196' title='bbox 1594 4013 1936 4082; x_wconf 80' lang='lat' dir='ltr'>turresque</span> <span class='ocrx_word' id='word_1_197' title='bbox 1975 3991 2348 4078; x_wconf 71' lang='lat' dir='ltr'>capessant!</span> 
     </span>
    </p>
   </div>
  </div>
 </body>
</html>
