3400 5175
929 590 1394 647 Amtmnos
1458 594 1634 649 ma.
1695 596 1823 651 vr.
1940 570 2101 674 327
2290 572 2383 649 15

495 727 950 815 Transportare
985 729 1197 813 priua,
1239 748 1429 815 quam
1471 727 1731 792 sedibus
1768 750 1905 791 oasa
1940 730 2278 817 quierunt.

497 850 758 911 Centum
787 863 1004 909 errant
1035 866 1265 923 annon,
1295 847 1702 935 volitantque
1724 846 1881 912 haee
1902 848 2095 912 litora
2110 851 2385 913 circum:

499 968 653 1029 Tum
691 967 944 1031 demum
985 964 1238 1028 admissi
1277 984 1500 1057 stagna
1541 984 1847 1053 exoptata
1888 972 2212 1031 revisunt.

495 1086 791 1148 Constitit
834 1081 1119 1147 Anchisa
1157 1102 1366 1160 satus,
1402 1102 1467 1145 et
1512 1088 1791 1175 vestigia
1828 1090 2094 1172 pressit3

499 1204 708 1268 Multa
735 1224 1008 1289 putans,
1037 1221 1398 1292 sortemque
1422 1205 1633 1266 auimo
1665 1207 2003 1267 miseratus
2028 1206 2347 1291 iniquam.

499 1325 707 1386 Cernit
749 1320 848 1387 ibi
889 1316 1188 1400 maestoa',
1229 1342 1293 1386 et
1335 1324 1558 1385 mortis
1596 1320 1837 1385 honore
1876 1340 2185 1399 carenteS,

502 1442 904 1525 Leucaspim,
943 1460 1005 1503 et
1045 1443 1283 1531 Lyciae
1324 1440 1658 1505 duetorem
1697 1440 1916 1504 classis
1952 1445 2285 1519 Orontem3

498 1560 688 1639 Quos,
731 1558 923 1623 simul
963 1582 998 1622 a
1037 1562 1230 1623 Troia
1267 1577 1534 1625 ventosa
1571 1582 1684 1647 per
1726 1582 2003 1648 aequora
2047 1579 2292 1638 vectos,

497 1676 724 1744 Obruit
764 1700 1009 1756 auster,
1050 1700 1218 1767 aqua
1261 1679 1594 1745 involvens
1633 1702 1987 1770 navemque
2025 1683 2353 1769 virosque.

599 1801 768 1861 Ecce
803 1797 1192 1887 gubernator
1235 1820 1368 1861 aeae
1407 1799 1741 1863 Palinurus
1782 1799 2041 1892 agebat,

500 1918 618 1996 Qui
661 1916 913 2005 Libyco
958 1938 1156 2002 nuper
1198 1938 1423 1993 cursu,
1466 1915 1614 1980 dum
1655 1917 1866 1980 sidera
1906 1936 2151 1995 servat,

493 2034 840 2100 Exciderat
883 2038 1122 2122 puppi,
1161 2035 1386 2101 mediis
1424 2032 1658 2099 effusus
1696 2040 1763 2100 in
1802 2035 2021 2101 undis.

493 2156 674 2219 Hunc
715 2154 832 2221 ubi
875 2158 986 2219 vix
1031 2156 1230 2220 multa
1268 2172 1570 2219 maestum
1607 2158 1910 2246 cognovit
1949 2158 2017 2217 in
2058 2150 2322 2238 umbrat

500 2274 600 2336 Sic
640 2275 820 2360 prior
854 2272 1268 2360 adloquitur:
1306 2277 1464 2353 Quis
1505 2292 1602 2354 te,
1641 2277 1977 2352 Palinure,
2018 2273 2279 2337 deorum

501 2392 762 2480 Eripuit
803 2392 1022 2469 uobis,
1063 2392 1399 2481 medioque
1440 2391 1560 2457 sub
1597 2414 1874 2479 aequore
1914 2384 2174 2455 mersit?

505 2511 622 2575 Dio
660 2532 817 2604 age.
857 2514 1148 2601 Namque
1191 2511 1381 2589 mihi,
1419 2508 1625 2576 fallax
1668 2508 1845 2574 haud
1888 2528 2035 2573 ante
2062 2526 2391 2602 repertus,

493 2623 631 2693 Hoc
668 2651 800 2692 uuo
835 2651 1135 2718 responso
1175 2635 1454 2694 animum
1497 2628 1737 2693 delusit
1780 2628 2045 2714 Apollo:

497 2748 620 2828 Qui
659 2744 802 2812 fore
841 2766 904 2812 te
943 2767 1139 2836 ponto
1175 2750 1595 2824 incolumem,
1631 2743 1914 2833 finesque
1952 2742 2217 2808 canebat

494 2867 850 2930 Venturum
892 2871 1244 2932 Ausonios.
1287 2871 1384 2930 En
1420 2863 1574 2928 haec
1619 2866 1921 2949 promissa
1960 2859 2111 2926 fides
2150 2853 2291 2925 est?

496 2983 614 3048 Ille
649 3003 893 3048 autem:
935 2989 1162 3075 Neque
1202 3006 1268 3050 te
1309 2984 1551 3052 Phoebi
1597 2987 1847 3050 cortina
1888 2979 2159 3060 fefellit,

496 3103 639 3168 Dux
684 3103 1104 3182 Anchisiada,
1141 3129 1256 3170 nee
1299 3129 1394 3170 me
1434 3105 1586 3170 deus
1623 3126 1902 3193 aequore
1942 3107 2185 3167 mersit.

491 3223 786 3310 Namque
823 3223 1288 3314 gubernaclum
1331 3224 1532 3290 multa
1568 3227 1638 3288 vi
1678 3220 1848 3288 forte
1888 3223 2247 3300 revulsum,

499 3343 618 3402 Cui
660 3341 851 3404 datus
888 3341 1226 3408 haerebam
1267 3362 1516 3420 custos,
1558 3365 1918 3430 cursusque
1961 3343 2291 3433 regebam,

501 3457 939 3544 Praecipitana
979 3464 1151 3526 traxi
1194 3485 1468 3526 mecum.
1509 3465 1719 3528 Maria
1759 3485 1979 3549 aspera
2022 3466 2195 3539 iure,

497 3576 636 3639 Non
673 3577 878 3642 ullum
922 3601 1036 3666 pro
1077 3604 1175 3645 me
1219 3599 1466 3646 tantum
1503 3585 1747 3670 cepisse
1786 3585 2112 3656 timorem,

493 3697 693 3774 Quam
735 3717 850 3760 tua
887 3721 1002 3776 ne,
1041 3700 1318 3786 spoliata
1357 3704 1582 3780 armis,
1622 3723 1889 3766 excussa
1924 3701 2258 3788 magistro,

493 3809 804 3878 Deficeret
841 3821 1044 3882 tantia
1085 3823 1266 3883 navis
1306 3819 1719 3911 surgentibus
1757 3817 1977 3882 undis.

494 3931 645 3998 Trea
685 3953 874 4000 notua
911 3933 1216 4004 hiberna·
1250 3942 1550 4014 immensa
1591 3961 1705 4025 per
1750 3957 2033 4023 aequora
2070 3952 2287 3999 noctes
