3400 5175
1061 528 1167 629 84
1475 480 1486 493 .
1620 544 1690 597 ι».
1779 544 2333 601 vrno1L11
2568 526 2733 628 467

1151 677 1483 768 Congressi
1525 678 1805 767 iungunt
1846 678 2135 755 dextras,
2176 678 2531 765 mediisque
2571 680 2859 743 residunt

1155 794 1472 873 Aedibus,
1515 814 1580 858 et
1616 796 1807 865 licito
1844 797 2095 864 tandem
2134 818 2415 861 sermone
2458 793 2797 861 fruuntur.

1153 919 1293 979 Rex
1337 917 1512 1001 prior
1547 912 1737 979 haec:

1151 1038 1431 1101 Maxime
1465 1038 1849 1099 Teucrorum
1887 1033 2148 1111 ductor,
2186 1055 2314 1121 quo
2354 1038 2587 1119 sospite
2620 1057 2947 1123 nunquam

1151 1156 1269 1217 Res
1310 1153 1606 1242 equidem
1651 1157 1881 1217 Troiae
1918 1156 2127 1218 victas
2163 1171 2271 1216 aut
2314 1175 2509 1243 regna
2550 1151 2841 1231 fatebor;

1153 1272 1356 1337 Nobis
1397 1272 1479 1337 ad
1515 1271 1674 1337 belli
1714 1273 2029 1337 auxilium
2073 1294 2189 1361 p‘ro
2230 1276 2479 1336 nomine
2516 1290 2694 1335 tanto

1151 1395 1446 1481 Exiguae
1491 1392 1691 1456 vires.
1735 1397 1903 1456 Hinc
1946 1397 2153 1457 Tusco
2196 1392 2551 1455 claudimur
2591 1376 2821 1468 amni,s

1152 1515 1320 1577 Hinc
1365 1514 1642 1577 Rutulus
1677 1517 1940 1601 premit,
1979 1531 2043 1575 et
2088 1534 2335 1575 murum
2359 1513 2781 1575 circumsonat
2820 1516 3041 1576 armis.

1151 1630 1275 1695 Sed
1317 1629 1442 1709 tibi
1484 1653 1604 1721 ego
1647 1634 1937 1721 ingentes
1979 1630 2248 1717 populos
2290 1631 2722 1718 opulentaque
2758 1636 2971 1723 regnis

1153 1753 1426 1841 Iungere
1463 1770 1674 1815 castra
1714 1772 1901 1838 paro:
1946 1774 2135 1840 quam
2181 1748 2309 1814 fors
2352 1754 2613 1837 inopina
2652 1751 2917 1816 salutem

1153 1870 1487 1933 Ostentat.
1521 1874 1696 1933 Fatis
1738 1869 1865 1934 huc
1911 1889 1972 1933 te
2014 1869 2423 1958 poscentibus
2462 1868 2697 1935 adfers.

1159 1986 1348 2051 Haud
1391 1988 1618 2076 procul
1657 1988 1807 2054 hinc
1849 2012 2001 2053 saxo
2038 1991 2345 2053 incolitur
2388 1985 2650 2052 fundata
2692 2004 2945 2053 vetusto

1155 2102 1350 2171 Vrbis
1393 2106 1741 2199 Agyllinae
1780 2108 1989 2173 sedes:
2032 2108 2143 2173 ubi
2186 2109 2388 2199 Lydia
2426 2108 2745 2197 quondam

1157 2229 1354 2303 Gens,
1398 2226 1570 2291 bello
1611 2229 1975 2317 praeclara,
2016 2230 2189 2319 iugis
2232 2226 2465 2295 insedit
2514 2229 2827 2291 Etruscis.

1154 2346 1336 2409 Hanc
1380 2346 1609 2410 multos
1647 2346 1970 2415 florentem
2016 2370 2209 2412 annos
2247 2370 2359 2411 rex
2400 2345 2629 2410 deinde
2668 2345 2941 2434 superbo

1157 2468 1440 2552 Imperio
1477 2484 1540 2531 et
1579 2474 1782 2535 saevis
1829 2471 2035 2533 tenuit
2076 2468 2433 2531 Mezentius
2476 2471 2695 2529 armis.

1153 2584 1326 2666 Quid
1371 2610 1698 2652 memorem
1738 2587 2033 2652 infandas
2068 2587 2333 2664 caedes3
2378 2585 2539 2675 quid
2577 2582 2749 2650 facta
2780 2593 3041 2678 tyranni

1158 2700 1412 2772 Effera?
1452 2707 1517 2772 di
1558 2712 1761 2796 capiti
1806 2713 2039 2797 ipsius,
2083 2710 2433 2798 generique
2470 2725 2828 2770 reservent.

1151 2829 1406 2890 Mortua
1445 2829 1604 2915 quin
1646 2831 1839 2891 etiam
1880 2828 2190 2919 iungebat
2232 2849 2499 2914 corpora
2538 2830 2741 2904 viviS‚

1153 2947 1544 3032 Componeus
1586 2948 2007 3038 manibusque
2046 2970 2292 3024 manus,
2335 2965 2526 3034 atque
2569 2945 2783 3010 oribus
2823 2968 2968 3025 ora,

1153 3065 1482 3128 Tormenti
1525 3088 1763 3155 genus;
1806 3087 1869 3130 et
1909 3071 2081 3134 sanie
2126 3067 2408 3155 taboque
2450 3063 2712 3130 fluentes

1147 3184 1504 3270 Complexu
1545 3187 1612 3247 in
1655 3189 1881 3250 misero
1918 3189 2111 3278 longa
2156 3191 2246 3250 sic
2290 3202 2488 3249 morte
2532 3185 2837 3250 necabat.

1149 3305 1234 3363 At
1280 3298 1427 3365 fessi
1471 3303 1723 3367 tandem
1765 3309 1937 3370 cives
1978 3306 2239 3372 infanda
2276 3304 2591 3371 furentem

1149 3423 1395 3484 Armati
1434 3425 1917 3490 circumsistunt
1964 3431 2298 3516 ipsumque
2339 3425 2755 3513 domumquet

1145 3539 1550 3608 obtruncant
1593 3547 1832 3624 socios,
1874 3551 2083 3638 ignem
2122 3546 2201 3611 ad
2240 3544 2501 3636 fastigia
2543 3548 2821 3607 iactant.

1147 3661 1273 3726 Ille
1310 3663 1478 3727 inter
1513 3663 1771 3730 caedem
1806 3667 2193 3731 Rutulorum
2238 3666 2489 3751 elapsus
2528 3665 2595 3726 in
2634 3683 2821 3750 agros

1151 3778 1548 3872 Confugere,
1591 3801 1656 3850 et
1697 3789 1903 3850 Turni
1938 3783 2269 3852 defendier
2307 3781 2580 3870 hospitis
2616 3783 2838 3845 armis.

1145 3905 1315 3994 Ergo
1349 3907 1550 3969 omnis
1591 3901 1778 3972 furiis
1818 3909 2099 3972 surrexit
2139 3907 2399 3970 Etruria
2438 3904 2657 3970 iustis:
