<?xml version="1.0" encoding="UTF-8"?>
<!DOCTYPE html PUBLIC "-//W3C//DTD XHTML 1.0 Transitional//EN"
    "http://www.w3.org/TR/xhtml1/DTD/xhtml1-transitional.dtd">
<html xmlns="http://www.w3.org/1999/xhtml" xml:lang="en" lang="en">
 <head>
  <title>
</title>
<meta http-equiv="Content-Type" content="text/html;charset=utf-8" />
  <meta name='ocr-system' content='tesseract 3.04.00' />
  <meta name='ocr-capabilities' content='ocr_page ocr_carea ocr_par ocr_line ocrx_word'/>
</head>
<body>
  <div class='ocr_page' id='page_1' title='image "./pvirgiliimaroni04unkngoog/pvirgiliimaroni04unkngoog_0214.png"; bbox 0 0 3400 5175; ppageno 0'>
   <div class='ocr_carea' id='block_1_1' title="bbox 1084 559 2822 670">
    <p class='ocr_par' dir='ltr' id='par_1_1' title="bbox 1084 559 2822 670">
     <span class='ocr_line' id='line_1_1' title="bbox 1084 559 2822 670; baseline 0.008 -38"><span class='ocrx_word' id='word_1_1' title='bbox 1084 559 1243 633; x_wconf 75' lang='lat'>208</span> <span class='ocrx_word' id='word_1_2' title='bbox 1702 582 1777 637; x_wconf 76' lang='grc' dir='ltr'>Ρ.</span> <span class='ocrx_word' id='word_1_3' title='bbox 1869 561 2426 639; x_wconf 58' lang='lat' dir='ltr'>VIRGILII</span> <span class='ocrx_word' id='word_1_4' title='bbox 2659 584 2822 670; x_wconf 80' lang='lat'>412</span> 
     </span>
    </p>
   </div>
   <div class='ocr_carea' id='block_1_2' title="bbox 1144 716 3031 4007">
    <p class='ocr_par' dir='ltr' id='par_1_2' title="bbox 1172 716 2760 1045">
     <span class='ocr_line' id='line_1_2' title="bbox 1172 716 2760 804; baseline 0.006 -29"><span class='ocrx_word' id='word_1_5' title='bbox 1172 716 1319 798; x_wconf 89' lang='lat' dir='ltr'>Ipsa</span> <span class='ocrx_word' id='word_1_6' title='bbox 1360 734 1549 776; x_wconf 87' lang='lat' dir='ltr'>manu</span> <span class='ocrx_word' id='word_1_7' title='bbox 1592 716 1887 802; x_wconf 84' lang='lat' dir='ltr'>genetrix</span> <span class='ocrx_word' id='word_1_8' title='bbox 1931 716 2196 779; x_wconf 89' lang='lat' dir='ltr'>Dictaea</span> <span class='ocrx_word' id='word_1_9' title='bbox 2234 720 2477 804; x_wconf 79' lang='lat' dir='ltr'>carpsit</span> <span class='ocrx_word' id='word_1_10' title='bbox 2521 717 2604 784; x_wconf 91' lang='lat' dir='ltr'>ab</span> <span class='ocrx_word' id='word_1_11' title='bbox 2643 721 2760 788; x_wconf 87' lang='lat' dir='ltr'>Ida</span> 
     </span>
     <span class='ocr_line' id='line_1_3' title="bbox 1173 810 2708 903; baseline 0.007 -10"><span class='ocrx_word' id='word_1_12' title='bbox 1173 829 1527 896; x_wconf 85' lang='lat' dir='ltr'>Puberibus</span> <span class='ocrx_word' id='word_1_13' title='bbox 1567 810 1811 896; x_wconf 83' lang='lat' dir='ltr'>caulem</span> <span class='ocrx_word' id='word_1_14' title='bbox 1851 830 2026 896; x_wconf 79' lang='lat' dir='ltr'>foliis</span> <span class='ocrx_word' id='word_1_15' title='bbox 2062 853 2124 897; x_wconf 89' lang='lat' dir='ltr'>et</span> <span class='ocrx_word' id='word_1_16' title='bbox 2166 834 2316 898; x_wconf 82' lang='lat' dir='ltr'>flore</span> <span class='ocrx_word' id='word_1_17' title='bbox 2355 858 2708 903; x_wconf 80' lang='lat' dir='ltr'><strong>comantem</strong></span> 
     </span>
     <span class='ocr_line' id='line_1_4' title="bbox 1174 947 2658 1045; baseline 0.005 -33"><span class='ocrx_word' id='word_1_18' title='bbox 1174 953 1526 1037; x_wconf 82' lang='lat' dir='ltr'>Purpureo=</span> <span class='ocrx_word' id='word_1_19' title='bbox 1569 973 1694 1015; x_wconf 89' lang='lat' dir='ltr'>non</span> <span class='ocrx_word' id='word_1_20' title='bbox 1733 952 1854 1015; x_wconf 89' lang='lat' dir='ltr'>illa</span> <span class='ocrx_word' id='word_1_21' title='bbox 1895 947 2048 1015; x_wconf 84' lang='lat' dir='ltr'>feris</span> <span class='ocrx_word' id='word_1_22' title='bbox 2087 956 2412 1045; x_wconf 85' lang='lat' dir='ltr'>incognita</span> <span class='ocrx_word' id='word_1_23' title='bbox 2448 962 2658 1042; x_wconf 79' lang='lat' dir='ltr'>capris</span> 
     </span>
    </p>

    <p class='ocr_par' dir='ltr' id='par_1_3' title="bbox 1167 1070 2946 1637">
     <span class='ocr_line' id='line_1_5' title="bbox 1174 1070 2946 1165; baseline 0.003 -34"><span class='ocrx_word' id='word_1_24' title='bbox 1174 1072 1508 1147; x_wconf 86' lang='lat' dir='ltr'>Gramina,</span> <span class='ocrx_word' id='word_1_25' title='bbox 1551 1088 1750 1158; x_wconf 83' lang='lat' dir='ltr'>quum</span> <span class='ocrx_word' id='word_1_26' title='bbox 1791 1087 1975 1162; x_wconf 82' lang='lat' dir='ltr'>tergo</span> <span class='ocrx_word' id='word_1_27' title='bbox 2015 1070 2306 1134; x_wconf 72' lang='lat' dir='ltr'>volueres</span> <span class='ocrx_word' id='word_1_28' title='bbox 2339 1070 2598 1136; x_wconf 77' lang='lat' dir='ltr'>haesere</span> <span class='ocrx_word' id='word_1_29' title='bbox 2637 1078 2946 1165; x_wconf 74' lang='lat' dir='ltr'>sagittae.</span> 
     </span>
     <span class='ocr_line' id='line_1_6' title="bbox 1172 1188 2890 1277; baseline 0.005 -28"><span class='ocrx_word' id='word_1_30' title='bbox 1172 1190 1309 1251; x_wconf 84' lang='lat' dir='ltr'>Hoc</span> <span class='ocrx_word' id='word_1_31' title='bbox 1354 1192 1591 1267; x_wconf 84' lang='lat' dir='ltr'>Venus,</span> <span class='ocrx_word' id='word_1_32' title='bbox 1634 1188 1902 1253; x_wconf 87' lang='lat' dir='ltr'>obscuro</span> <span class='ocrx_word' id='word_1_33' title='bbox 1945 1188 2168 1277; x_wconf 81' lang='lat' dir='ltr'>faciem</span> <span class='ocrx_word' id='word_1_34' title='bbox 2211 1193 2606 1258; x_wconf 79' lang='lat' dir='ltr'>circumdata</span> <span class='ocrx_word' id='word_1_35' title='bbox 2644 1194 2890 1273; x_wconf 83' lang='lat' dir='ltr'><strong>nimbo,</strong></span> 
     </span>
     <span class='ocr_line' id='line_1_7' title="bbox 1169 1305 2910 1396; baseline 0.005 -27"><span class='ocrx_word' id='word_1_36' title='bbox 1169 1308 1458 1385; x_wconf 89' lang='lat' dir='ltr'>Detulit;</span> <span class='ocrx_word' id='word_1_37' title='bbox 1503 1306 1623 1372; x_wconf 90' lang='lat' dir='ltr'>hoc</span> <span class='ocrx_word' id='word_1_38' title='bbox 1667 1305 1875 1372; x_wconf 86' lang='lat' dir='ltr'>fusum</span> <span class='ocrx_word' id='word_1_39' title='bbox 1918 1309 2114 1374; x_wconf 83' lang='lat' dir='ltr'>labris</span> <span class='ocrx_word' id='word_1_40' title='bbox 2150 1310 2630 1396; x_wconf 77' lang='lat' dir='ltr'>splendentilms</span> <span class='ocrx_word' id='word_1_41' title='bbox 2668 1336 2910 1379; x_wconf 84' lang='lat' dir='ltr'>amnem</span> 
     </span>
     <span class='ocr_line' id='line_1_8' title="bbox 1168 1410 2838 1519; baseline 0.005 -32"><span class='ocrx_word' id='word_1_42' title='bbox 1168 1424 1418 1503; x_wconf 86' lang='lat' dir='ltr'>Inficit,</span> <span class='ocrx_word' id='word_1_43' title='bbox 1454 1427 1708 1491; x_wconf 88' lang='lat' dir='ltr'>occulte</span> <span class='ocrx_word' id='word_1_44' title='bbox 1753 1426 2102 1505; x_wconf 70' lang='lat' dir='ltr'>medican23</span> <span class='ocrx_word' id='word_1_45' title='bbox 2142 1432 2518 1519; x_wconf 76' lang='lat' dir='ltr'>spargitque</span> <span class='ocrx_word' id='word_1_46' title='bbox 2556 1410 2838 1497; x_wconf 73' lang='lat' dir='ltr'>salubres</span> 
     </span>
     <span class='ocr_line' id='line_1_9' title="bbox 1167 1545 2762 1637; baseline 0.003 -29"><span class='ocrx_word' id='word_1_47' title='bbox 1167 1546 1540 1611; x_wconf 80' lang='lat' dir='ltr'>Ambrosiae</span> <span class='ocrx_word' id='word_1_48' title='bbox 1579 1569 1832 1624; x_wconf 84' lang='lat' dir='ltr'>succos,</span> <span class='ocrx_word' id='word_1_49' title='bbox 1871 1564 1936 1609; x_wconf 90' lang='lat' dir='ltr'>et</span> <span class='ocrx_word' id='word_1_50' title='bbox 1977 1545 2354 1613; x_wconf 80' lang='lat' dir='ltr'>odoriferam</span> <span class='ocrx_word' id='word_1_51' title='bbox 2397 1572 2762 1637; x_wconf 83' lang='lat' dir='ltr'>panaceam.</span> 
     </span>
    </p>

    <p class='ocr_par' dir='ltr' id='par_1_4' title="bbox 1166 1662 2646 1757">
     <span class='ocr_line' id='line_1_10' title="bbox 1166 1662 2646 1757; baseline 0.003 -30"><span class='ocrx_word' id='word_1_52' title='bbox 1166 1666 1357 1728; x_wconf 81' lang='lat' dir='ltr'>Fovit</span> <span class='ocrx_word' id='word_1_53' title='bbox 1397 1687 1473 1727; x_wconf 87' lang='lat' dir='ltr'>ea</span> <span class='ocrx_word' id='word_1_54' title='bbox 1511 1665 1746 1729; x_wconf 76' lang='lat' dir='ltr'>vulnus</span> <span class='ocrx_word' id='word_1_55' title='bbox 1783 1662 2046 1753; x_wconf 82' lang='lat' dir='ltr'>lympha</span> <span class='ocrx_word' id='word_1_56' title='bbox 2086 1664 2430 1757; x_wconf 81' lang='lat' dir='ltr'>longaevus</span> <span class='ocrx_word' id='word_1_57' title='bbox 2471 1671 2646 1755; x_wconf 85' lang='lat' dir='ltr'>Iapis</span> 
     </span>
    </p>

    <p class='ocr_par' dir='ltr' id='par_1_5' title="bbox 1154 1781 3025 2944">
     <span class='ocr_line' id='line_1_11' title="bbox 1166 1781 2757 1877; baseline 0.003 -33"><span class='ocrx_word' id='word_1_58' title='bbox 1166 1783 1506 1871; x_wconf 79' lang='lat' dir='ltr'>Ignorans:</span> <span class='ocrx_word' id='word_1_59' title='bbox 1546 1781 1890 1870; x_wconf 82' lang='lat' dir='ltr'>subitoque</span> <span class='ocrx_word' id='word_1_60' title='bbox 1929 1787 2129 1847; x_wconf 87' lang='lat' dir='ltr'>omnis</span> <span class='ocrx_word' id='word_1_61' title='bbox 2165 1783 2244 1849; x_wconf 88' lang='lat' dir='ltr'>de</span> <span class='ocrx_word' id='word_1_62' title='bbox 2284 1808 2548 1872; x_wconf 87' lang='lat' dir='ltr'>corpore</span> <span class='ocrx_word' id='word_1_63' title='bbox 2585 1783 2757 1877; x_wconf 86' lang='lat' dir='ltr'>fugit</span> 
     </span>
     <span class='ocr_line' id='line_1_12' title="bbox 1164 1876 2932 1995; baseline 0.003 -32"><span class='ocrx_word' id='word_1_64' title='bbox 1164 1904 1419 1988; x_wconf 88' lang='lat' dir='ltr'>Quippe</span> <span class='ocrx_word' id='word_1_65' title='bbox 1460 1876 1675 1978; x_wconf 58' lang='lat' dir='ltr'>dolorss</span> <span class='ocrx_word' id='word_1_66' title='bbox 1714 1902 1916 1964; x_wconf 87' lang='lat' dir='ltr'>omnis</span> <span class='ocrx_word' id='word_1_67' title='bbox 1953 1905 2135 1965; x_wconf 87' lang='lat' dir='ltr'>stetit</span> <span class='ocrx_word' id='word_1_68' title='bbox 2175 1905 2300 1965; x_wconf 87' lang='lat' dir='ltr'>imo</span> <span class='ocrx_word' id='word_1_69' title='bbox 2341 1904 2604 1967; x_wconf 78' lang='lat' dir='ltr'>vulnere</span> <span class='ocrx_word' id='word_1_70' title='bbox 2642 1908 2932 1995; x_wconf 80' lang='lat' dir='ltr'>sanguis.</span> 
     </span>
     <span class='ocr_line' id='line_1_13' title="bbox 1164 2021 2907 2114; baseline 0.003 -33"><span class='ocrx_word' id='word_1_71' title='bbox 1164 2022 1436 2107; x_wconf 87' lang='lat' dir='ltr'>Iamque</span> <span class='ocrx_word' id='word_1_72' title='bbox 1472 2037 1742 2106; x_wconf 85' lang='lat' dir='ltr'>sequuta</span> <span class='ocrx_word' id='word_1_73' title='bbox 1785 2042 2066 2097; x_wconf 88' lang='lat' dir='ltr'>manum,</span> <span class='ocrx_word' id='word_1_74' title='bbox 2110 2021 2286 2084; x_wconf 89' lang='lat' dir='ltr'>nullo</span> <span class='ocrx_word' id='word_1_75' title='bbox 2325 2041 2628 2112; x_wconf 85' lang='lat' dir='ltr'>cogente,</span> <span class='ocrx_word' id='word_1_76' title='bbox 2669 2028 2907 2114; x_wconf 83' lang='lat' dir='ltr'>sagitta</span> 
     </span>
     <span class='ocr_line' id='line_1_14' title="bbox 1164 2136 2878 2227; baseline 0.003 -28"><span class='ocrx_word' id='word_1_77' title='bbox 1164 2136 1464 2214; x_wconf 81' lang='lat' dir='ltr'>Excidit,</span> <span class='ocrx_word' id='word_1_78' title='bbox 1509 2156 1707 2225; x_wconf 89' lang='lat' dir='ltr'>atque</span> <span class='ocrx_word' id='word_1_79' title='bbox 1743 2160 1946 2202; x_wconf 81' lang='lat' dir='ltr'>novae</span> <span class='ocrx_word' id='word_1_80' title='bbox 1983 2138 2224 2203; x_wconf 87' lang='lat' dir='ltr'>rediere</span> <span class='ocrx_word' id='word_1_81' title='bbox 2263 2142 2329 2202; x_wconf 90' lang='lat' dir='ltr'>in</span> <span class='ocrx_word' id='word_1_82' title='bbox 2367 2144 2642 2227; x_wconf 86' lang='lat' dir='ltr'>pristina</span> <span class='ocrx_word' id='word_1_83' title='bbox 2679 2146 2878 2205; x_wconf 71' lang='lat' dir='ltr'>vires.</span> 
     </span>
     <span class='ocr_line' id='line_1_15' title="bbox 1162 2250 2796 2348; baseline 0.002 -28"><span class='ocrx_word' id='word_1_84' title='bbox 1162 2262 1358 2321; x_wconf 81' lang='lat' dir='ltr'>Arma</span> <span class='ocrx_word' id='word_1_85' title='bbox 1396 2258 1513 2320; x_wconf 91' lang='lat' dir='ltr'>citi</span> <span class='ocrx_word' id='word_1_86' title='bbox 1556 2275 1892 2345; x_wconf 88' lang='lat' dir='ltr'>properate</span> <span class='ocrx_word' id='word_1_87' title='bbox 1933 2250 2102 2320; x_wconf 81' lang='lat' dir='ltr'>viro!</span> <span class='ocrx_word' id='word_1_88' title='bbox 2146 2257 2304 2345; x_wconf 87' lang='lat' dir='ltr'>quid</span> <span class='ocrx_word' id='word_1_89' title='bbox 2341 2254 2572 2323; x_wconf 82' lang='lat' dir='ltr'>statis?</span> <span class='ocrx_word' id='word_1_90' title='bbox 2625 2263 2796 2348; x_wconf 84' lang='lat' dir='ltr'>Iapis</span> 
     </span>
     <span class='ocr_line' id='line_1_16' title="bbox 1162 2376 2994 2463; baseline 0.003 -25"><span class='ocrx_word' id='word_1_91' title='bbox 1162 2376 1567 2452; x_wconf 82' lang='lat' dir='ltr'>Conclamat,</span> <span class='ocrx_word' id='word_1_92' title='bbox 1608 2378 1976 2463; x_wconf 80' lang='lat' dir='ltr'>primusque</span> <span class='ocrx_word' id='word_1_93' title='bbox 2015 2378 2252 2438; x_wconf 85' lang='lat' dir='ltr'>animos</span> <span class='ocrx_word' id='word_1_94' title='bbox 2291 2376 2583 2441; x_wconf 87' lang='lat' dir='ltr'>accendit</span> <span class='ocrx_word' id='word_1_95' title='bbox 2621 2378 2686 2439; x_wconf 88' lang='lat' dir='ltr'>in</span> <span class='ocrx_word' id='word_1_96' title='bbox 2725 2376 2994 2443; x_wconf 78' lang='lat' dir='ltr'>hostem.</span> 
     </span>
     <span class='ocr_line' id='line_1_17' title="bbox 1159 2492 2841 2589; baseline 0.002 -32"><span class='ocrx_word' id='word_1_97' title='bbox 1159 2497 1306 2558; x_wconf 86' lang='lat' dir='ltr'>Non</span> <span class='ocrx_word' id='word_1_98' title='bbox 1347 2492 1498 2560; x_wconf 89' lang='lat' dir='ltr'>haec</span> <span class='ocrx_word' id='word_1_99' title='bbox 1540 2494 1828 2560; x_wconf 82' lang='lat' dir='ltr'>humanis</span> <span class='ocrx_word' id='word_1_100' title='bbox 1862 2494 2129 2582; x_wconf 86' lang='lat' dir='ltr'>opibus,</span> <span class='ocrx_word' id='word_1_101' title='bbox 2172 2518 2294 2559; x_wconf 89' lang='lat' dir='ltr'>non</span> <span class='ocrx_word' id='word_1_102' title='bbox 2331 2514 2466 2560; x_wconf 88' lang='lat' dir='ltr'>arte</span> <span class='ocrx_word' id='word_1_103' title='bbox 2505 2502 2841 2589; x_wconf 83' lang='lat' dir='ltr'>magistra,</span> 
     </span>
     <span class='ocr_line' id='line_1_18' title="bbox 1156 2616 3025 2705; baseline 0.001 -25"><span class='ocrx_word' id='word_1_104' title='bbox 1156 2617 1577 2680; x_wconf 81' lang='lat' dir='ltr'>Proveniunt:</span> <span class='ocrx_word' id='word_1_105' title='bbox 1636 2639 1840 2705; x_wconf 87' lang='lat' dir='ltr'>neque</span> <span class='ocrx_word' id='word_1_106' title='bbox 1881 2634 1980 2694; x_wconf 90' lang='lat' dir='ltr'>te,</span> <span class='ocrx_word' id='word_1_107' title='bbox 2020 2620 2270 2692; x_wconf 81' lang='lat' dir='ltr'>Aenea,</span> <span class='ocrx_word' id='word_1_108' title='bbox 2313 2638 2448 2679; x_wconf 88' lang='lat' dir='ltr'>mea</span> <span class='ocrx_word' id='word_1_109' title='bbox 2485 2616 2749 2680; x_wconf 85' lang='lat' dir='ltr'>dextera</span> <span class='ocrx_word' id='word_1_110' title='bbox 2787 2635 3025 2682; x_wconf 82' lang='lat' dir='ltr'>servat:</span> 
     </span>
     <span class='ocr_line' id='line_1_19' title="bbox 1158 2728 2943 2826; baseline 0.001 -27"><span class='ocrx_word' id='word_1_111' title='bbox 1158 2737 1372 2799; x_wconf 86' lang='lat' dir='ltr'>Maior</span> <span class='ocrx_word' id='word_1_112' title='bbox 1410 2739 1549 2826; x_wconf 88' lang='lat' dir='ltr'>agit</span> <span class='ocrx_word' id='word_1_113' title='bbox 1592 2734 1748 2800; x_wconf 89' lang='lat' dir='ltr'>deus</span> <span class='ocrx_word' id='word_1_114' title='bbox 1790 2753 1984 2823; x_wconf 88' lang='lat' dir='ltr'>atque</span> <span class='ocrx_word' id='word_1_115' title='bbox 2020 2756 2212 2822; x_wconf 88' lang='lat' dir='ltr'>opera</span> <span class='ocrx_word' id='word_1_116' title='bbox 2248 2728 2337 2797; x_wconf 67' lang='lat' dir='ltr'>ad‘</span> <span class='ocrx_word' id='word_1_117' title='bbox 2369 2737 2604 2796; x_wconf 86' lang='lat' dir='ltr'>maiora</span> <span class='ocrx_word' id='word_1_118' title='bbox 2640 2739 2943 2800; x_wconf 86' lang='lat' dir='ltr'>remittit.</span> 
     </span>
     <span class='ocr_line' id='line_1_20' title="bbox 1154 2853 2634 2944; baseline -0.002 -27"><span class='ocrx_word' id='word_1_119' title='bbox 1154 2855 1281 2918; x_wconf 86' lang='lat' dir='ltr'>Ille</span> <span class='ocrx_word' id='word_1_120' title='bbox 1323 2855 1547 2920; x_wconf 83' lang='lat' dir='ltr'>avidus</span> <span class='ocrx_word' id='word_1_121' title='bbox 1587 2875 1842 2944; x_wconf 85' lang='lat' dir='ltr'>pugnae</span> <span class='ocrx_word' id='word_1_122' title='bbox 1877 2875 2050 2916; x_wconf 82' lang='lat' dir='ltr'>suras</span> <span class='ocrx_word' id='word_1_123' title='bbox 2090 2853 2438 2916; x_wconf 85' lang='lat' dir='ltr'>incluserat</span> <span class='ocrx_word' id='word_1_124' title='bbox 2479 2873 2634 2914; x_wconf 89' lang='lat' dir='ltr'>auro</span> 
     </span>
    </p>

    <p class='ocr_par' dir='ltr' id='par_1_6' title="bbox 1150 2965 3031 3888">
     <span class='ocr_line' id='line_1_21' title="bbox 1155 2965 3031 3060; baseline -0.003 -26"><span class='ocrx_word' id='word_1_125' title='bbox 1155 2975 1323 3036; x_wconf 86' lang='lat' dir='ltr'>Hinc</span> <span class='ocrx_word' id='word_1_126' title='bbox 1350 2993 1543 3060; x_wconf 84' lang='lat' dir='ltr'>atque</span> <span class='ocrx_word' id='word_1_127' title='bbox 1571 2970 1758 3050; x_wconf 87' lang='lat' dir='ltr'>hinc,</span> <span class='ocrx_word' id='word_1_128' title='bbox 1793 2971 2060 3058; x_wconf 87' lang='lat' dir='ltr'>oditque</span> <span class='ocrx_word' id='word_1_129' title='bbox 2089 2993 2309 3047; x_wconf 84' lang='lat' dir='ltr'>moras,</span> <span class='ocrx_word' id='word_1_130' title='bbox 2329 2965 2700 3056; x_wconf 85' lang='lat' dir='ltr'>hastamque</span> <span class='ocrx_word' id='word_1_131' title='bbox 2714 2989 3031 3032; x_wconf 84' lang='lat' dir='ltr'>coruscat.</span> 
     </span>
     <span class='ocr_line' id='line_1_22' title="bbox 1154 3088 3025 3177; baseline 0 -26"><span class='ocrx_word' id='word_1_132' title='bbox 1154 3093 1497 3176; x_wconf 88' lang='lat' dir='ltr'>Postquam</span> <span class='ocrx_word' id='word_1_133' title='bbox 1536 3089 1774 3155; x_wconf 87' lang='lat' dir='ltr'>habilis</span> <span class='ocrx_word' id='word_1_134' title='bbox 1814 3091 2004 3154; x_wconf 86' lang='lat' dir='ltr'>lateri</span> <span class='ocrx_word' id='word_1_135' title='bbox 2046 3090 2293 3176; x_wconf 86' lang='lat' dir='ltr'>clipeus</span> <span class='ocrx_word' id='word_1_136' title='bbox 2333 3088 2666 3174; x_wconf 71' lang='lat' dir='ltr'>loricaque</span> <span class='ocrx_word' id='word_1_137' title='bbox 2691 3103 2868 3177; x_wconf 80' lang='lat' dir='ltr'>tergo</span> <span class='ocrx_word' id='word_1_138' title='bbox 2895 3107 3025 3164; x_wconf 79' lang='lat' dir='ltr'>est,</span> 
     </span>
     <span class='ocr_line' id='line_1_23' title="bbox 1154 3204 2835 3293; baseline 0.001 -26"><span class='ocrx_word' id='word_1_139' title='bbox 1154 3209 1491 3270; x_wconf 83' lang='lat' dir='ltr'>Ascanium</span> <span class='ocrx_word' id='word_1_140' title='bbox 1531 3204 1687 3271; x_wconf 84' lang='lat' dir='ltr'>fusis</span> <span class='ocrx_word' id='word_1_141' title='bbox 1723 3211 1962 3273; x_wconf 88' lang='lat' dir='ltr'>circum</span> <span class='ocrx_word' id='word_1_142' title='bbox 2003 3207 2457 3293; x_wconf 86' lang='lat' dir='ltr'>complectitur</span> <span class='ocrx_word' id='word_1_143' title='bbox 2497 3209 2720 3282; x_wconf 77' lang='lat' dir='ltr'>armis,</span> <span class='ocrx_word' id='word_1_144' title='bbox 2819 3219 2835 3234; x_wconf 88' lang='lat'><em>&#39;</em></span> 
     </span>
     <span class='ocr_line' id='line_1_24' title="bbox 1152 3319 2792 3418; baseline -0.001 -32"><span class='ocrx_word' id='word_1_145' title='bbox 1152 3327 1531 3413; x_wconf 84' lang='lat' dir='ltr'>Summaque</span> <span class='ocrx_word' id='word_1_146' title='bbox 1572 3349 1682 3412; x_wconf 89' lang='lat' dir='ltr'>per</span> <span class='ocrx_word' id='word_1_147' title='bbox 1721 3325 1971 3418; x_wconf 88' lang='lat' dir='ltr'>galeam</span> <span class='ocrx_word' id='word_1_148' title='bbox 2008 3323 2298 3390; x_wconf 86' lang='lat' dir='ltr'>delibans</span> <span class='ocrx_word' id='word_1_149' title='bbox 2331 3322 2546 3386; x_wconf 83' lang='lat' dir='ltr'>oscula</span> <span class='ocrx_word' id='word_1_150' title='bbox 2589 3319 2792 3385; x_wconf 73' lang='lat' dir='ltr'>fatui-t</span> 
     </span>
     <span class='ocr_line' id='line_1_25' title="bbox 1150 3440 2983 3530; baseline -0.001 -26"><span class='ocrx_word' id='word_1_151' title='bbox 1150 3444 1370 3518; x_wconf 90' lang='lat' dir='ltr'>Disce,</span> <span class='ocrx_word' id='word_1_152' title='bbox 1410 3463 1603 3528; x_wconf 88' lang='lat' dir='ltr'>puer,</span> <span class='ocrx_word' id='word_1_153' title='bbox 1639 3448 1944 3508; x_wconf 79' lang='lat' dir='ltr'>virtutem</span> <span class='ocrx_word' id='word_1_154' title='bbox 1989 3467 2067 3508; x_wconf 83' lang='lat' dir='ltr'>ex</span> <span class='ocrx_word' id='word_1_155' title='bbox 2110 3467 2239 3519; x_wconf 89' lang='lat' dir='ltr'>me,</span> <span class='ocrx_word' id='word_1_156' title='bbox 2281 3463 2628 3530; x_wconf 82' lang='lat' dir='ltr'>verumque</span> <span class='ocrx_word' id='word_1_157' title='bbox 2671 3440 2983 3517; x_wconf 86' lang='lat' dir='ltr'>laborem;</span> 
     </span>
     <span class='ocr_line' id='line_1_26' title="bbox 1150 3559 2866 3628; baseline -0.001 -4"><span class='ocrx_word' id='word_1_158' title='bbox 1150 3565 1495 3624; x_wconf 82' lang='lat' dir='ltr'>Fortunam</span> <span class='ocrx_word' id='word_1_159' title='bbox 1539 3585 1616 3626; x_wconf 85' lang='lat' dir='ltr'>ex</span> <span class='ocrx_word' id='word_1_160' title='bbox 1660 3563 1840 3626; x_wconf 87' lang='lat' dir='ltr'>aliis.</span> <span class='ocrx_word' id='word_1_161' title='bbox 1895 3565 2078 3628; x_wconf 86' lang='lat' dir='ltr'>Nunc</span> <span class='ocrx_word' id='word_1_162' title='bbox 2121 3581 2185 3627; x_wconf 88' lang='lat' dir='ltr'>te</span> <span class='ocrx_word' id='word_1_163' title='bbox 2222 3584 2356 3626; x_wconf 85' lang='lat' dir='ltr'>mea</span> <span class='ocrx_word' id='word_1_164' title='bbox 2393 3561 2656 3626; x_wconf 84' lang='lat' dir='ltr'>dextera</span> <span class='ocrx_word' id='word_1_165' title='bbox 2697 3559 2866 3624; x_wconf 86' lang='lat' dir='ltr'>bello</span> 
     </span>
     <span class='ocr_line' id='line_1_27' title="bbox 1150 3676 2908 3772; baseline -0.002 -30"><span class='ocrx_word' id='word_1_166' title='bbox 1150 3676 1485 3743; x_wconf 87' lang='lat' dir='ltr'>Defensum</span> <span class='ocrx_word' id='word_1_167' title='bbox 1524 3679 1738 3758; x_wconf 85' lang='lat' dir='ltr'>dabit,</span> <span class='ocrx_word' id='word_1_168' title='bbox 1781 3700 1846 3744; x_wconf 89' lang='lat' dir='ltr'>et</span> <span class='ocrx_word' id='word_1_169' title='bbox 1889 3702 2114 3772; x_wconf 88' lang='lat' dir='ltr'>magna</span> <span class='ocrx_word' id='word_1_170' title='bbox 2155 3685 2321 3744; x_wconf 89' lang='lat' dir='ltr'>inter</span> <span class='ocrx_word' id='word_1_171' title='bbox 2362 3683 2644 3767; x_wconf 88' lang='lat' dir='ltr'>praemia</span> <span class='ocrx_word' id='word_1_172' title='bbox 2679 3677 2908 3742; x_wconf 89' lang='lat' dir='ltr'>ducet.</span> 
     </span>
     <span class='ocr_line' id='line_1_28' title="bbox 1150 3795 2866 3888; baseline -0.002 -27"><span class='ocrx_word' id='word_1_173' title='bbox 1150 3799 1249 3861; x_wconf 85' lang='lat' dir='ltr'>Tu</span> <span class='ocrx_word' id='word_1_174' title='bbox 1289 3795 1521 3877; x_wconf 87' lang='lat' dir='ltr'>facito,</span> <span class='ocrx_word' id='word_1_175' title='bbox 1557 3823 1699 3864; x_wconf 82' lang='lat' dir='ltr'>mox</span> <span class='ocrx_word' id='word_1_176' title='bbox 1743 3822 1938 3888; x_wconf 86' lang='lat' dir='ltr'>quum</span> <span class='ocrx_word' id='word_1_177' title='bbox 1979 3817 2225 3862; x_wconf 85' lang='lat' dir='ltr'>matura</span> <span class='ocrx_word' id='word_1_178' title='bbox 2262 3797 2618 3863; x_wconf 83' lang='lat' dir='ltr'>adoleverit</span> <span class='ocrx_word' id='word_1_179' title='bbox 2665 3813 2866 3872; x_wconf 87' lang='lat' dir='ltr'>aetas,</span> 
     </span>
    </p>

    <p class='ocr_par' dir='ltr' id='par_1_7' title="bbox 1144 3915 3019 4007">
     <span class='ocr_line' id='line_1_29' title="bbox 1144 3915 3019 4007; baseline -0.002 -28"><span class='ocrx_word' id='word_1_180' title='bbox 1144 3918 1243 3980; x_wconf 84' lang='lat' dir='ltr'>Sis</span> <span class='ocrx_word' id='word_1_181' title='bbox 1278 3941 1539 3998; x_wconf 87' lang='lat' dir='ltr'>memor,</span> <span class='ocrx_word' id='word_1_182' title='bbox 1565 3937 1626 3984; x_wconf 89' lang='lat' dir='ltr'>et</span> <span class='ocrx_word' id='word_1_183' title='bbox 1656 3935 1756 3998; x_wconf 90' lang='lat' dir='ltr'>te,</span> <span class='ocrx_word' id='word_1_184' title='bbox 1782 3921 1992 3984; x_wconf 88' lang='lat' dir='ltr'>animo</span> <span class='ocrx_word' id='word_1_185' title='bbox 2014 3935 2405 4007; x_wconf 86' lang='lat' dir='ltr'>repetentem</span> <span class='ocrx_word' id='word_1_186' title='bbox 2431 3915 2726 4002; x_wconf 83' lang='lat' dir='ltr'>exempla</span> <span class='ocrx_word' id='word_1_187' title='bbox 2751 3931 3019 3991; x_wconf 82' lang='lat' dir='ltr'>tuorum,</span> 
     </span>
    </p>
   </div>
   <div class='ocr_carea' id='block_1_3' title="bbox 3380 4482 3389 4988">
    <p class='ocr_par' dir='ltr' id='par_1_8' title="bbox 3380 4482 3389 4988">
     <span class='ocr_line' id='line_1_30' title="bbox 3380 4482 3389 4988; baseline 0 0"><span class='ocrx_word' id='word_1_188' title='bbox 3380 4482 3389 4988; x_wconf 95' lang='lat' dir='ltr'> </span> 
     </span>
    </p>
   </div>
  </div>
 </body>
</html>
