3400 5175
1051 598 1154 675 28
1684 622 1757 675 P.
1852 620 2385 677 vrncrnu
2581 600 2734 704 691

1145 756 1314 833 Quas
1354 774 1471 844 ego
1516 769 1577 816 te
1619 740 1855 831 terrae,
1899 773 1963 817 et
2006 732 2245 841 quanta
2286 776 2398 841 per
2434 777 2715 844 aequora
2755 777 3009 825 vectum

1153 866 1454 959 Accipio!
1497 876 1757 960 quantis
1796 876 2139 951 iactatum,
2180 893 2361 951 nate,
2406 872 2696 963 periclis!

1151 996 1350 1071 Quam
1393 996 1625 1068 metui,
1669 1016 1745 1056 ne
1788 992 1948 1081 quid
1986 992 2231 1083 Libyae
2272 994 2399 1058 tibi
2440 1018 2635 1086 regna
2672 994 3007 1061 nocerent!

1156 1109 1277 1173 Ille
1315 1129 1554 1175 autem:
1597 1114 1735 1174 Tua
1776 1134 1907 1187 me,
1948 1116 2238 1201 genitor,
2284 1132 2399 1177 tua
2440 1120 2649 1178 tristis
2691 1118 2937 1207 imag0,

1157 1233 1426 1317 Saepius
1464 1252 1834 1306 occurrens,
1878 1228 2031 1294 haec
2072 1231 2297 1295 limina
2340 1232 2602 1297 tendere
2644 1235 2898 1325 adegit.

1156 1353 1338 1413 Stant
1385 1350 1513 1413 sale
1557 1347 1895 1439 Tyrrheno
1936 1349 2193 1414 classes.
2236 1355 2331 1414 Da
2374 1354 2643 1443 iungere
2680 1352 3009 1433 dextram,

1156 1472 1286 1545 Da,
1315 1472 1601 1561 genitor;
1647 1448 1840 1559 teque
1881 1468 2181 1555 amplexu
2224 1493 2298 1533 ne
2338 1470 2640 1536 subtrahe
2680 1492 2921 1538 nostro,

1155 1592 1262 1653 Sic
1303 1611 1647 1655 memorans
1687 1591 1871 1681 largo
1910 1588 2064 1653 fletu
2106 1592 2293 1655 simul
2336 1613 2450 1655 ora
2490 1592 2779 1682 rigabat.

1159 1710 1285 1771 'I'er
1325 1728 1592 1773 conatus
1630 1710 1724 1775 ibi
1766 1710 1934 1775 collo
1976 1708 2126 1774 dare
2166 1708 2427 1775 brachia
2472 1716 2744 1776 circum:

1161 1826 1560 1891 Ter-frustra
1603 1851 1973 1916 comprensa
2008 1852 2221 1893 manus
2258 1826 2492 1920 effugit
2531 1833 2775 1921 image,

1160 1948 1281 2009 Par
1321 1946 1572 2012 levibus
1611 1952 1851 2026 ventis,
1893 1948 2269 2038 volucrique
2308 1950 2633 2014 simillima
2672 1972 2918 2015 somno.

1263 2070 1518 2131 Interea
1557 2067 1735 2135 videt
1780 2074 2018 2133 Aeneas
2058 2072 2129 2132 in
2167 2068 2341 2133 valle
2381 2068 2649 2133 reducta

1161 2187 1488 2251 Seclusum
1525 2210 1771 2265 nemus,
1810 2208 1874 2251 et
1913 2186 2200 2277 virgulta
2242 2190 2535 2250 sonantia
2571 2188 2783 2263 silvis,

1165 2304 1672 2395 Lethaeamque,
1695 2307 1911 2372 domos
1938 2306 2224 2395 placidas
2256 2311 2370 2395 qui
2400 2326 2766 2395 praenatat,
2792 2330 3064 2371 amnem.

1164 2432 1350 2493 Hunc
1377 2432 1616 2494 circum
1642 2434 2011 2494 innumerae
2038 2447 2291 2521 genta,
2321 2428 2676 2515 populique
2708 2427 3053 2507 volabaut3

1167 2551 1294 2627 Ac,
1335 2548 1541 2614 veluti
1581 2554 1650 2615 in
1691 2555 1931 2638 pratis,
1971 2548 2085 2614 ubi
2126 2572 2275 2637 apes
2316 2567 2557 2613 aestate
2594 2570 2811 2613 serena

1163 2669 1464 2735 Floribus
1501 2671 1788 2736 insidunt
1832 2675 2061 2748 variis,
2088 2691 2151 2734 et
2192 2670 2467 2734 candida
2504 2675 2741 2735 circum

1169 2792 1338 2856 Lilia
1377 2789 1767 2858 funduntur:
1806 2796 2038 2880 strepit
2080 2795 2281 2856 omnis
2320 2813 2637 2855 murmure
2676 2813 2967 2878 campus.

1166 2915 1494 2976 Horrescit
1538 2917 1678 2976 visu
1720 2912 1973 2989 subito,
2018 2935 2402 3000 caussasque
2442 2914 2713 3000 requirit

1167 3033 1414 3093 Inscius
1455 3035 1727 3106 Aeneas,
1768 3053 1934 3119 quae
1972 3035 2097 3096 sint
2142 3055 2218 3096 ea
2256 3031 2521 3096 flumina
2565 3054 2789 3120 porr0,

1166 3154 1371 3231 Quive
1409 3153 1537 3214 viri
1580 3167 1760 3214 tanto
1802 3153 2187 3238 complerint
2222 3156 2475 3243 agmine
2516 3159 2715 3240 ripas.

1167 3273 1328 3336 Tum
1373 3287 1555 3356 pater
1601 3267 1938 3335 Anchises:
1982 3274 2282 3348 Animae,
2322 3272 2561 3361 quibus
2604 3273 2803 3335 altera
2844 3267 2981 3334 fato

1169 3393 1450 3476 Corpora
1484 3388 1835 3469 debentur,
1878 3388 2148 3455 Lethaei
2192 3392 2273 3458 ad
2315 3391 2590 3456 fluminis
2633 3389 2867 3454 undam

1168 3513 1438 3574 Securos
1471 3510 1696 3575 latices
1738 3529 1801 3574 et
1842 3512 2032 3604 longa
2072 3512 2319 3577 oblivia
2363 3529 2619 3599 potant.

1168 3633 1297 3700 Has
1339 3631 1636 3720 equidem
1681 3654 2022 3696 memorare
2064 3632 2190 3697 tibi
2232 3648 2431 3719 atque
2466 3627 2806 3694 ostendere
2844 3650 3067 3692 coram

1168 3749 1548 3838 Iampridem
1575 3798 1592 3828 ,
1633 3773 1707 3816 ac
1748 3751 1989 3838 prolem
2022 3755 2216 3838 cupio
2255 3774 2619 3816 enumerare
2662 3745 2947 3815 tuor‘um:

1168 3875 1305 3954 Quo
1347 3875 1548 3962 magis
1591 3873 1787 3937 Italia
1830 3893 2069 3936 mecum
2110 3870 2348 3936 laetere
2390 3890 2679 3957 reperta.

1167 3994 1460 4079 Opater,
1491 4013 1649 4057 anne
1669 3993 1923 4082 aliquas
1952 3990 2288 4057 adcaelum
2322 3989 2471 4054 hinc
2494 3992 2586 4052 ire
2606 3988 2959 4077 putandum
2978 4009 3075 4050 est
