3400 5175
852 544 1315 601 AENEmos
1389 544 1755 597 L113.1x.
1844 522 2004 597 333
2179 548 2325 625 109

436 688 623 746 Nisus
665 679 839 745 abit:
886 684 1137 768 iamque
1182 680 1548 767 imprudens
1589 696 1878 743 evaserat
1923 678 2136 743 hostes

438 803 533 869 Ad
576 803 787 880 lucos,
827 804 941 888 qui
988 820 1125 887 post
1170 800 1371 865 Albae
1410 801 1488 865 tle
1532 804 1780 864 nomine
1820 800 1982 863 dicti

441 922 703 999 Albani3
751 942 883 983 tum
930 944 1040 984 rex
1084 916 1333 983 stabula
1373 921 1506 984 alta
1543 924 1808 984 Latinus
1849 918 2156 983 habebat.

438 1046 517 1105 Vt
559 1044 783 1117 stetit,
828 1058 889 1103 et
938 1036 1169 1103 frustra
1213 1039 1531 1103 absentem
1580 1043 1861 1127 respexit
1904 1042 2208 1103 amicum:

439 1160 751 1250 Euryale,
798 1156 1027 1221 infelix
1073 1181 1201 1245 qua
1240 1180 1303 1221 te
1344 1162 1599 1248 regione
1639 1153 1918 1245 reliqui?

434 1283 647 1357 Quave
679 1272 953 1363 sequar?
982 1280 1219 1341 Rursus
1244 1278 1613 1365 perplexum
1646 1282 1766 1339 iter
1793 1301 1972 1341 omne
1999 1279 2330 1341 revolvens

441 1398 710 1461 Fallacis
753 1399 989 1475 silvae,
1033 1398 1221 1460 simul
1260 1416 1321 1459 et
1365 1400 1641 1488 vestigia
1682 1418 1853 1462 retro

430 1516 779 1581 Observata
816 1516 1009 1606 legit,
1048 1517 1386 1607 dumisque
1426 1516 1763 1582 silentibus
1803 1538 2002 1582 errat:

434 1637 627 1699 Audit
677 1659 909 1724 equOS,
950 1636 1130 1701 audit
1174 1640 1475 1724 strepitus
1517 1656 1578 1701 et
1622 1642 1806 1729 sigua
1841 1657 2252 1727 sequentum.

431 1760 562 1819 Nec
590 1758 855 1846 longum
889 1760 952 1817 in
983 1756 1189 1821 medio
1219 1775 1494 1845 tempus,
1524 1782 1719 1847 quum
1762 1759 1996 1823 clamor
2035 1758 2114 1822 atl
2149 1781 2329 1821 aures

432 1879 765 1953 Pervenit,
794 1900 865 1941 ac
896 1876 1073 1940 videt
1104 1876 1480 1966 Euryalum:
1511 1900 1697 1967 quem
1730 1881 1851 1941 iam
1879 1902 2097 1942 manus
2122 1882 2334 1941 omnis-

430 1997 684 2065 Fraude
723 1999 855 2062 loci
899 2016 959 2061 et
1002 2001 1239 2073 noctiS‚
1280 1996 1497 2061 subito
1542 1996 1840 2063 turbante
1883 1999 2198 2077 tumultu,

438 2124 819 2206 Oppressum
864 2120 1067 2205 rapit}
1111 2135 1173 2181 et
1215 2138 1542 2209 conaptem
1587 2120 1862 2207 plurima
1905 2117 2180 2183 frustra.

437 2238 604 2318 Quid
650 2231 899 2302 faciat?
942 2261 1069 2325 qua
1110 2241 1177 2302 vi
1222 2241 1550 2319 iuvenem,
1591 2240 1830 2329 quibus
1871 2239 2102 2303 audeat
2146 2243 2330 2303 armis

434 2353 741 2445 Eripere?
784 2382 859 2421 an
897 2382 1029 2423 sese
1074 2359 1305 2423 medios
1348 2364 1687 2423 moriturus
1731 2363 1796 2422 in
1839 2382 2012 2421 enses

435 2476 705 2557 luserat,
752 2497 813 2541 et
859 2480 1189 2566 pulchram
1232 2500 1529 2568 properet
1572 2504 1685 2567 per
1723 2479 1985 2541 vulnera
2017 2470 2322 2540 mortem?

434 2605 621 2664 Ocius
664 2599 947 2666 adducto
989 2619 1291 2688 torquens
1336 2600 1566 2664 hastile
1604 2603 1884 2675 lacert0,

433 2723 799 2808 Suspicieus
838 2721 1031 2784 altam
1071 2725 1341 2796 Lunam,
1380 2726 1471 2784 sic
1510 2743 1667 2784 voce
1713 2739 2042 2806 precatur:

437 2843 571 2918 Tu,
616 2840 773 2917 dea,
815 2863 882 2904 tu
930 2865 1223 2928 praesens
1265 2861 1477 2904 nostro
1522 2863 1821 2904 succurre
1860 2837 2104 2913 labori,

436 2963 766 3024 Astrorum
809 2961 1031 3038 decus,
1073 2981 1135 3024 et
1176 2983 1493 3025 nemorum
1539 2965 1802 3025 Latonia
1839 2978 2090 3034 custos;

434 3085 495 3144 si
538 3105 667 3172 qua
706 3084 838 3144 tuis
880 3106 1171 3170 umquam
1220 3107 1333 3169 pro
1377 3107 1469 3147 me
1512 3101 1691 3170 pater
1733 3087 2058 3170 Hyrtacus
2103 3082 2231 3142 aris

436 3205 613 3264 Dona
654 3202 849 3279 tulit,
894 3206 941 3263 si
986 3225 1113 3288 qua
1160 3206 1292 3289 ipse
1334 3207 1484 3267 meis
1528 3203 1864 3267 venatibus
1907 3205 2102 3279 auxi,

432 3321 823 3408 suspendive
864 3321 1074 3398 thoIO,
1118 3340 1224 3386 aut
1268 3346 1444 3388 sacra
1486 3325 1567 3389 ad
1611 3323 1868 3414 fastigia
1912 3322 2059 3400 fixi3

438 3443 623 3505 Hunc
658 3447 793 3504 sine
826 3465 921 3504 me
952 3441 1207 3506 turbare
1232 3439 1489 3532 globum
1515 3490 1531 3516 ,
1554 3461 1615 3504 et
1652 3463 1800 3529 rege
1827 3440 1952 3502 tela
1977 3459 2088 3524 per
2115 3459 2326 3500 auras.

440 3565 735 3626 Dixerat:
785 3581 848 3626 et
893 3581 1028 3625 toto
1072 3567 1381 3626 connixus
1425 3585 1689 3649 corpore
1734 3558 1967 3624 ferrum

437 3683 750 3746 Coniicit.
794 3685 999 3745 Hasta
1034 3684 1256 3747 volans
1294 3687 1501 3747 noctis
1543 3679 1909 3745 diverberat
1947 3675 2230 3748 umbras,

438 3803 516 3865 Et
549 3806 727 3866 venit
772 3807 979 3865 aversi
1028 3808 1090 3866 in
1134 3822 1381 3894 tergum
1424 3802 1780 3874 Sulmonis,
1825 3793 2048 3881 ibique

438 3923 820 4014 Frangitur,
865 3945 935 3987 ac
980 3921 1117 3988 fisso
1160 3929 1379 3988 transit
1432 3889 1794 4010 praecordia
1837 3917 2050 4008 ligno·
