3400 5175
979 637 1433 695 Aznzmos
1496 638 1671 693 mn.
1735 638 1822 691 x.
1949 614 2108 720 775
2237 614 2384 696 153

472 774 777 837 aeneae.
817 773 1041 849 Dixit3
1083 770 1583 859 stridentemque
1622 774 1866 835 eminus
1907 769 2150 835 hastam

471 892 745 955 Iniicitz
796 892 923 983 illa·
950 890 1171 955 volans
1208 890 1417 975 clipeo
1455 908 1549 954 est
1592 912 1892 969 excussa,
1933 891 2284 981 proculque

476 1009 841 1097 Egregium
888 1016 1167 1073 Antoren
1202 1008 1369 1079 latus
1412 1011 1577 1071 inter
1616 1026 1679 1071 et
1722 1010 1838 1073 ilia
1879 1007 2052 1101 figit:

472 1128 793 1192 Herculis
838 1134 1115 1191 Antoren
1154 1132 1480 1202 comitem,
1519 1130 1632 1213 qui
1674 1129 1892 1189 missus
1933 1126 2014 1191 ab
2055 1122 2248 1215 Argis

480 1246 805 1310 Haeserat
852 1248 1177 1323 Euandro,
1212 1268 1409 1334 atque
1454 1246 1621 1309 Itala
1662 1244 2027 1310 consederat
2067 1242 2254 1309 urb'e.

482 1354 1088 1429 Sterniturinfelix
1129 1366 1337 1429 alieno
1379 1363 1674 1439 vulnere,
1716 1364 2087 1450 caelumque
2180 1356 2187 1364 ’

476 1480 827 1568 Adspicit,
867 1500 929 1545 et
970 1481 1189 1548 dulces
1227 1485 1499 1546 moriens
1541 1485 1969 1546 reminiscitur
2013 1486 2244 1570 Argos.

478 1602 653 1663 Tum
696 1604 837 1687 pius
878 1605 1115 1663 Aeneas
1158 1598 1403 1664 hastam
1447 1603 1635 1664 iacit:
1671 1600 1784 1664 illa
1827 1622 1937 1685 per
1971 1598 2186 1664 orbem

478 1721 652 1781 Aere
691 1741 921 1783 cavum
962 1718 1247 1805 triplici,
1293 1744 1401 1806 per
1442 1723 1610 1786 linea
1655 1740 1865 1812 terga,
1911 1720 2248 1807 tribusque

484 1837 773 1905 Transiit
814 1832 1147 1901 intextum'
1178 1842 1376 1903 tauris
1415 1862 1603 1926 opus,
1648 1843 1899 1927 imaque
1941 1838 2105 1901 sedit

482 1956 795 2046 Inguine;
838 1952 947 2019 sed
992 1956 1157 2017 vires
1195 1952 1365 2020 haud
1405 1958 1704 2043 pertulit.
1747 1960 1942 2022 Ocius
1981 1980 2188 2022 ensem

500 2078 773 2151 Aeneas,
817 2077 951 2138 viso
992 2072 1311 2163 Tyrrheni
1350 2079 1655 2167 sanguine
1694 2075 1936 2153 laetus,

494 2194 705 2281 Eripit
745 2215 780 2255 a
825 2189 1089 2270 femine,
1131 2212 1195 2257 et
1235 2196 1587 2282 trepidanti
1626 2192 1914 2259 fervidus
1957 2197 2185 2262 instat.

494 2313 811 2403 Ingemuit
852 2316 985 2375 cari
1028 2317 1307 2403 graviter
1345 2316 1657 2405 genitoris
1701 2336 1948 2393 amore,

500 2432 581 2493 Vt
620 2430 823 2507 vidit,
868 2436 1139 2511 Lausus;
1182 2434 1635 2526 lacrymaeque
1672 2457 1784 2526 pe)-
1819 2456 1928 2497 ora
1969 2434 2253 2499 volutae.

499 2551 616 2616 mc
656 2553 879 2616 mortis
919 2550 1109 2617 durae
1149 2575 1393 2633 casum,
1438 2573 1677 2642 tuaque
1718 2555 1958 2639 optima
1999 2549 2206 2634 facta,

504 2672 566 2730 Si
603 2693 729 2757 qua
764 2667 945 2740 fidem
988 2689 1167 2736 tanto
1206 2691 1299 2736 est
1340 2675 1516 2760 operi
1556 2673 1768 2734 latura
1806 2687 2122 2748 vetustas,

502 2790 639 2852 Non
676 2787 971 2876 equidem
1016 2813 1129 2855 nec
1172 2809 1267 2870 te,
1310 2795 1561 2858 iuvenis
1603 2785 2026 2867 memorande,
2066 2788 2300 2854 silebo.

504 2905 619 2970 Ille
661 2907 879 2995 pedem
925 2905 1231 2988 reFerens,
1272 2928 1333 2976 et
1378 2908 1663 2984 inutilis,
1709 2909 1904 2993 inque
1943 2906 2188 2998 ligatus

503 3023 811 3104 Cedebat,
846 3026 1187 3115 clipeoque
1226 3031 1553 3092 inimicum
1598 3025 1834 3090 hastile
1879 3024 2208 3091 trahebat.

504 3144 857 3231 Prorumpit
894 3147 1183 3224 iuvenis,
1224 3169 1488 3236 seseque
1528 3149 1871 3210 immiscuit
1912 3150 2136 3211 armis:

504 3265 759 3350 Iamque
799 3263 1198 3356 adsurgentis
1236 3266 1465 3334 dextra
1508 3266 1887 3357 plagamque
1925 3263 2190 3330 ferentis

506 3385 747 3448 Aeneae
787 3381 987 3448 subiit
1032 3407 1421 3463 mucronem,
1462 3385 1798 3472 ipsumque
1842 3384 2143 3449 morando

498 3502 844 3568 Sustinuit.
884 3505 1054 3568 Socii
1096 3524 1319 3594 magno
1354 3503 1627 3568 clamore
1666 3523 2071 3592 sequuntur,

501 3619 661 3682 Dum
704 3621 959 3709 genitor
996 3623 1131 3684 nati
1174 3644 1389 3708 parma
1430 3641 1759 3710 protectus
1801 3623 2052 3700 abiret;

501 3736 787 3826 Telaque
824 3741 1213 3817 coniiciunt,
1255 3741 1766 3830 proturbantque
1807 3745 2052 3804 eminus
2089 3738 2328 3804 hostem

500 3854 885 3920 Missilibus.
928 3861 1106 3920 Furit
1153 3864 1421 3938 Aeneas,
1460 3879 1800 3946 tectusque
1845 3875 2016 3921 tenet
2055 3881 2150 3922 se.

498 3979 591 4037 Ac
630 3975 851 4054 velut,
891 3973 1093 4042 effusa
1135 3981 1189 4041 si
1229 3979 1484 4067 quando
1520 3977 1828 4072 grandine
1869 3975 2066 4041 nimbi
