3400 5175
1321 632 1766 687 (211115.
1941 634 2098 709 219
2364 606 2522 710 257

646 774 783 834 Non
826 783 1089 852 accepta
1134 768 1257 851 piis
1300 769 1670 851 promittens
1714 746 1971 830 munera
2011 764 2178 829 divis
2206 810 2222 825 .

648 892 844 968 Quam
886 884 1073 948 simul
1114 887 1356 973 Ogygii
1398 883 1732 947 Phoenicis
1769 880 1898 947 filia
1935 886 2154 947 Carme

648 1012 916 1095 Surgere
956 1006 1151 1067 sensit
1194 1024 1389 1079 anus,
1430 1004 1754 1089 (sonitum
1795 1024 1936 1065 nam
1976 998 2215 1065 fecerat
2261 1002 2362 1064 illi

650 1128 1007 1188 Marmoreo
1042 1140 1293 1185 aeratus
1332 1120 1603 1183 stridens
1647 1124 1712 1183 in
1753 1121 1972 1184 limine
2017 1117 2254 1211 cardo)

651 1242 930 1326 Corripit
973 1239 1293 1325 extemplo
1336 1235 1558 1301 fessam
1601 1239 1906 1328 languore
1944 1239 2254 1324 puellam:

648 1364 731 1423 Et
772 1359 995 1435 simul,
1037 1382 1075 1422 o
1115 1358 1297 1423 nobis
1337 1380 1581 1421 sacrum
1621 1375 1850 1445 caput,
1888 1360 2133 1445 inquit,
2169 1352 2447 1419 alumna!

649 1482 788 1542 Non
831 1478 953 1542 tibi
999 1476 1427 1565 nequidquam
1468 1476 1692 1540 viridis
1734 1500 1844 1562 per
1885 1479 2124 1539 viscera
2165 1476 2376 1563 pallor

653 1601 964 1686 Aegrotas
1006 1598 1181 1659 tenui
1220 1594 1491 1659 suffudit
1529 1598 1841 1686 sanguine
1880 1616 2108 1672 venas3

652 1715 785 1776 Nec
798 1714 984 1790 levis,
997 1711 1113 1777 hoc
1139 1710 1379 1777 faceres
1396 1715 1813 1803 (nequeenim
1843 1711 2050 1801 pote),
2074 1738 2226 1778 cura
2245 1715 2526 1806 subegit:

652 1830 844 1894 Haud
869 1827 1091 1909 fallor,
1123 1854 1509 1919 quamquam
1537 1857 1574 1896 o
1600 1836 1816 1921 potius
1835 1880 1852 1909 ,
1883 1830 2288 1911 Rhamnusia,
2317 1832 2529 1901 fallar.

654 1954 811 2015 Nam
850 1972 979 2037 qua
1024 1968 1085 2012 te
1121 1972 1339 2013 caussa
1378 1974 1489 2015 nec
1530 1952 1736 2016 dulcis
1777 1952 2006 2037 pocula
2047 1952 2316 2032 Bacchi,

655 2072 787 2133 Nec
831 2088 1047 2159 gratos
1086 2072 1330 2133 Cereris
1368 2070 1570 2134 dicam
1612 2073 1980 2161 contingere
2020 2066 2233 2135 fetus?

657 2193 797 2269 Qua
838 2210 1054 2251 caussa
1094 2189 1174 2252 ad
1216 2194 1488 2277 patrium
1530 2190 1724 2253 solam
1759 2190 2033 2280 vigilare
2070 2190 2319 2268 cubile,

660 2312 967 2395 Tempore
1005 2330 1133 2395 quo
1166 2304 1357 2372 fessas
1398 2308 1688 2372 mortalia
1731 2328 1992 2395 pectora
2035 2332 2246 2387 curas,

660 2432 795 2509 Quo
836 2426 1092 2514 rapidos
1128 2430 1316 2490 etiam
1360 2431 1770 2515 requiescunt
1813 2425 2068 2491 flumina
2110 2421 2368 2493 cursus?

663 2550 781 2612 Dic
822 2570 941 2641 age
980 2570 1145 2612 nunc
1190 2550 1451 2612 miserae
1492 2548 1755 2623 saltem,
1799 2545 1969 2635 quod
2005 2568 2192 2632 saepe
2236 2550 2484 2634 petenti

662 2665 925 2731 Iurabas
966 2665 1131 2731 nihil
1167 2689 1297 2730 esse
1338 2665 1521 2743 mihi,
1562 2689 1677 2730 cur
1717 2683 1950 2729 maesta
1991 2669 2272 2751 parentis

660 2789 986 2848 Formosos
1022 2789 1293 2862 circum,
1332 2788 1549 2876 virgo,
1591 2806 1902 2848 morerere
1945 2779 2257 2870 capillos?

662 2907 782 2966 Hei
824 2901 1013 2981 mihi,
1056 2927 1133 2967 ne
1172 2900 1346 2968 furor
1384 2904 1497 2967 ille
1540 2923 1683 2966 tuos
1729 2905 2032 2966 invaserit
2073 2921 2282 2979 artus,

661 3020 819 3097 Ille,
866 3020 1095 3086 Arabis
1134 3019 1438 3110 Myrrhae
1478 3023 1794 3111 quondam
1833 3026 1948 3109 qui
1989 3023 2164 3108 cepit
2211 3023 2484 3104 ocellos,

663 3145 749 3204 Vt
788 3139 1023 3204 scelere
1062 3137 1359 3219 infand0,
1400 3142 1572 3228 quod
1610 3164 1725 3205 nec
1768 3143 1934 3204 sinat
1979 3139 2310 3220 Adrastia,
2527 3115 2533 3122 .

664 3257 939 3323 Laedere
980 3277 1323 3346 utrumque
1363 3283 1488 3324 uno
1525 3259 1778 3324 studeas
1819 3281 2024 3324 errore
2065 3280 2421 3346 parentem.
2465 3307 2470 3312 -

662 3375 842 3455 Quod
882 3379 933 3439 si
978 3376 1107 3439 alio
1145 3381 1374 3464 quovis
1413 3383 1683 3444 animum
1726 3382 1988 3445 iactaris
2028 3401 2270 3460 amore;

664 3495 825 3558 Nam
869 3512 931 3557 te
969 3497 1233 3572 iactari,
1262 3519 1395 3577 ,non
1435 3517 1530 3562 est
1572 3498 1946 3564 Amathusia
1987 3502 2184 3562 nostri

588 3689 593 3692 Ι
667 3613 819 3673 Tam
861 3609 1069 3688 rudis,
1110 3630 1183 3674 ut
1226 3613 1403 3678 nullo
1440 3619 1667 3702 possim
1711 3637 2090 3706 cognoscere
2131 3618 2348 3706 sign03

669 3733 735 3792 Si
774 3753 1097 3795 concessus
1135 3754 1305 3796 amor
1347 3753 1496 3799 noto
1538 3752 1601 3797 te
1642 3752 1910 3799 macerat
1952 3735 2150 3821 igne;

669 3851 786 3912 Per
828 3847 950 3912 tibi
991 3853 1353 3939 Dictynnae
1397 3856 1752 3940 praesentia
1796 3855 2054 3916 numina
2094 3855 2270 3928 iure,

670 3969 881 4032 Prima
918 3966 1111 4033 decus
1149 3993 1315 4060 quae
1355 3970 1544 4039 dulce
1588 3972 1748 4038 mihi
1791 3993 1853 4037 te
1891 3971 2085 4037 donat
2122 3973 2470 4052 alumnam,

2231 4077 2287 4122 ¹7
