3400 5175
1114 650 1267 733 242
1825 650 2331 708 cvnzx.
2509 638 2665 714 303

1206 782 1524 872 Argolicis
1562 776 1877 870 Phrygios
1917 798 2098 845 torva
2137 783 2399 851 feritate
2438 792 2763 877 repulsos,

1206 908 1256 964 Ο
1298 905 1443 989 quis
1480 921 1602 963 non
1642 919 1885 985 repetat
1929 900 2074 964 talis
2113 902 2391 968 divortia
2433 907 2629 987 belli,

1208 1026 1378 1101 Quae
1418 1024 1611 1083 Troes
1651 1018 1901 1098 videre,
1943 1023 2065 1083 viri
2105 1021 2448 1113 videreque
2491 1022 2720 1091 Graii?

1206 1141 1479 1203 Teucria
1517 1162 1710 1227 quum
1755 1140 1954 1203 multo
1997 1161 2273 1205 manaret
2315 1150 2620 1235 sanguine
2660 1148 2882 1227 tellus,

1208 1264 1289 1321 Et
1331 1262 1592 1335 Simois,
1636 1257 2008 1347 Xanthique
2049 1260 2297 1348 liquor;
2342 1264 2695 1351 Sigeaque,
2741 1288 3033 1354 propter,

1208 1381 1423 1441 Litora
1461 1400 1655 1465 quum
1696 1381 1922 1455 Troas,
1961 1381 2137 1441 saevi
2175 1379 2358 1445 ducis
2401 1388 2693 1448 Hectoris
2729 1388 2856 1463 ira,

1208 1496 1438 1560 Videre
1480 1501 1544 1559 in
1582 1496 1811 1559 classes
1851 1499 2108 1559 inimica
2151 1518 2355 1563 mente
2399 1502 2690 1594 Pelasgas

1208 1615 1520 1693 Vulnera,
1567 1616 1722 1693 tela,
1763 1638 1977 1694 neces,
2019 1619 2198 1706 ignes
2237 1615 2467 1681 inferre
2509 1640 2790 1705 paratos.

1212 1740 1360 1823 Ipsa
1396 1738 1563 1825 iugis
1601 1758 1868 1822 namque
1905 1736 2014 1799 Ida
2056 1754 2274 1822 patens
2315 1732 2790 1815 frondentibuS,
2833 1742 2970 1827 ipsa

1212 1853 1327 1917 Ida
1370 1851 1537 1918 faces
1578 1854 1776 1918 altrix
1816 1853 2067 1940 cupidis
2111 1853 2452 1940 praebebat
2494 1856 2795 1934 alumnis,

1207 1978 1419 2035 Omnis
1461 1990 1529 2033 ut
1570 1975 1635 2034 in
1674 1974 1920 2035 cineres
1964 1970 2234 2035 Rhoetei
2274 1972 2481 2034 litoris
2521 1994 2632 2035 ora

1204 2088 1523 2155 Classibus
1562 2090 1869 2155 ambustis
1907 2088 2150 2155 flamma
2193 2110 2526 2176 superante
2563 2090 2854 2154 daretur.

1206 2215 1369 2276 Hinc
1412 2228 1542 2273 erat
1582 2212 1914 2296 oppositus
1954 2232 2179 2275 contra
2217 2208 2618 2272 Telamonius
2662 2208 2878 2287 heros,

1206 2329 1602 2416 Obiectoque
1642 2326 1834 2393 dabat
1875 2327 2082 2415 clipeo
2123 2331 2500 2404 certamina;
2545 2345 2606 2390 et
2651 2328 2832 2393 illinc

1207 2454 1442 2513 Hector
1484 2466 1651 2525 erat,
1694 2450 1921 2512 Troiae
1961 2470 2262 2511 summum
2305 2446 2526 2509 decus:
2570 2468 2713 2511 acer
2753 2466 3053 2536 uterque,

1206 2570 1569 2634 Fulmineus
1608 2568 1787 2632 caelo
1828 2568 2032 2632 veluti
2073 2564 2287 2658 fragor
2327 2564 2540 2629 editus
2581 2566 2745 2629 alto:

1212 2689 1483 2779 Ignibus
1530 2686 1632 2752 hic
1672 2687 2004 2775 taedisque
2043 2683 2292 2762 furens,
2334 2689 2385 2748 si
2429 2683 2737 2750 classibus
2785 2691 2985 2778 Argos

1207 2811 1454 2894 Eripiat
1496 2805 1777 2870 reditus:
1823 2805 1934 2870 ille
1977 2821 2040 2868 at
2077 2804 2379 2868 vulcania
2421 2800 2587 2867 ferro

1205 2927 1483 2990 Vulnera
1520 2929 1825 3012 protectis
1865 2924 2186 3012 depellere
2229 2923 2494 2988 navibus
2539 2927 2765 2986 instat.

1210 3049 1343 3108 Hoc
1387 3063 1522 3108 erat
1562 3043 1866 3108 Aeacides
1906 3044 2068 3108 alter
2107 3044 2378 3107 laetatus
2421 3042 2688 3120 honore,

1205 3165 1686 3252 Dardaniaeque
1729 3165 1888 3228 alter
1930 3161 2066 3228 fuso
2107 3165 2278 3252 quod
2317 3167 2624 3254 sanguine
2661 3165 2896 3248 campis

1206 3289 1517 3347 Hectoreo
1559 3287 1769 3348 victor
1811 3285 2104 3348 lustravit
2148 3295 2410 3370 corpore
2449 3285 2738 3345 Troiam.

1210 3407 1449 3466 Rursus
1464 3403 1691 3468 acerba
1707 3401 1977 3467 fremunt
1997 3403 2391 3480 ,Parishunc
2405 3401 2576 3491 quod
2601 3402 2755 3464 letat
2775 3421 2870 3478 ,et
2889 3399 3078 3464 huius

1212 3523 1391 3586 Alma
1431 3521 1593 3586 dolis
1636 3521 1848 3588 Ithaci
1888 3530 2091 3588 virtus
2131 3521 2298 3612 quod
2338 3522 2620 3586 concidit
2661 3524 2821 3584 icta.

1205 3644 1374 3706 Huic
1416 3644 1581 3731 gerit
1622 3665 1870 3706 aversos
1909 3642 2114 3730 proles
2159 3645 2410 3705 Laertia
2452 3639 2701 3716 vultus,

1208 3766 1285 3822 Et
1331 3765 1448 3824 iam
1492 3765 1845 3852 Strymonii
1888 3760 2082 3824 Rhesi
2124 3764 2462 3848 victorque
2501 3759 2764 3820 Dolonis

1204 3880 1495 3944 Palladio
1534 3881 1812 3944 laetatur
1853 3903 2073 3958 ovans,
2115 3901 2486 3967 rursumque
2527 3878 2836 3941 tremiscit

1206 4003 1332 4062 Iam
1366 4003 1632 4066 Ciconas
1648 4048 1667 4079 ,
1694 4003 1813 4065 iam
1843 4025 2082 4068 rursum
2105 4021 2350 4068 atroces
2366 4004 2830 4087 Laestrygonas
2847 3993 3088 4059 horret.
