3400 5175
936 558 1393 613 Aznmnos
1454 560 1627 611 mn.
1690 561 1860 613 xn.
1945 540 2108 642 776
2228 566 2376 619 221

518 691 714 753 Terra
758 707 939 767 tene;
980 689 1155 752 colui
1195 708 1439 751 vestros
1478 695 1529 753 si
1572 712 1814 778 semper
1851 690 2150 772 honores,

518 812 687 887 Quos
728 826 951 872 contra
988 806 1319 871 Aeneadae
1354 807 1525 871 bello
1566 806 1770 873 fecere
1812 808 2136 897 profanos.

520 930 743 1003 Dixit,
785 948 1091 1013 opemque
1129 926 1235 989 dei
1276 948 1399 989 non
1438 946 1610 991 cassa
1648 931 1716 991 in
1755 946 1906 991 vota
1941 910 2231 994 vocavit.

518 1048 808 1131 Namque
848 1045 960 1109 diu
1004 1046 1291 1145 luctans,
1328 1046 1627 1134 lentoque
1666 1052 1731 1109 in
1773 1050 1970 1134 stirpe
2011 1067 2325 1126 moratus,

516 1162 783 1227 Viribus
824 1162 993 1227 haud
1022 1164 1187 1227 ull-is
1227 1163 1437 1228 valuit
1477 1164 1836 1229 discludere
1875 1188 2114 1229 morsus
2185 1234 2188 1239 ,

516 1279 790 1345 Roboris
830 1237 1311 1381 Aenea8313um
1356 1288 1592 1349 nititur
1630 1308 1807 1361 acer,
1845 1304 1908 1348 et
1945 1288 2174 1363 instat,

514 1404 803 1465 Rursus
784 1425 853 1463 ιιι
875 1394 1188 1506 aurigae·
1176 1390 1419 1469 faeiem
1458 1421 1702 1467 mutata
1744 1406 2000 1467 Metisci

519 1522 881 1610 Procurrit,
923 1510 1239 1619 frati-'ique
1275 1544 1481 1587 ensem
1525 1520 1641 1586 dea
1679 1526 1932 1585 Daunia
1975 1520 2220 1585 reddit.

512 1636 719 1719 Quod
732 1642 943 1702 Venus
980 1622 1223 1719 sudaei
1248 1639 1567 1730 nymphae
1610 1638 1940 1731 indignata
1974 1638 2204 1719 licere,

512 1730 839 1834 Accessit,
846 1746 1201 1867 telum'qu'e
1241 1760 1370 1823 alta
1404 1758 1489 1824 ab
1530 1758 1746 1824 radice
1782 1758 2072 1823 revellit.

513 1875 645 1938 olli
681 1874 997 1947 sublim-es,-
1012 1881 1237 1962 armis,
1280 1882 1633 1966 animisque
1669 1876 1931 1955 refecti,

508 1997 641 2057 'Hic
682 1993 913 2083 ςίιιᾶιςι
932 1992 1171 2081 fidens,
1210 1996 1316 2062 hic
1358 2019 1502 2061 acer
1544 2014 1609 2059 et
1649 1996 1884 2059 arduus
1925 1993 2146 2075 hasta,

422 2132 433 2201 ᾗ
511 2098 848 2177 Adsistunt
878 2088 1110 2194 ‘centra
1150 2120 1495 2181 certamine
1538 2118 1768 2178 Martis
1810 2110 2056 2179 anheli.

419 2207 426 2215 ”
544 2274 553 2283 -
614 2226 919 2301 Iunonem
956 2233 1211 2299 interea
1240 2257 1347 2299 rex
1390 2236 1844 2321 omnipotentis
1883 2226 2146 2321 Olympi

508 2340 973 2449 Adloquitur,
966 2349 1159 2416 fulva
1194 2371 1439 2443 pugnas
1480 2354 1559 2417 de
1598 2352 1768 2417 nube
1807 2370 2122 2415 tuentem·

436 2480 445 2487 '
508 2475 681 2551 Quae
706 2474 847 2569 ιςιιιι
882 2468 1019 2537 finis
1058 2474 1213 2549 erit,
1256 2466 1541 2536 coniux?
1579 2470 1738 2559 quid
1779 2470 2053 2557 denique
2093 2464 2332 2533 restat?

385 2613 411 2662 ἡ
510 2587 867 2679 Indigetem
916 2593 1159 2652 Aenean
1200 2595 1321 2653 scis
1360 2595 1537 2678 ipsa,
1573 2609 1635 2654 et
1668 2593 1831 2656 scire
1871 2587 2126 2664 fateris,

405 2792 410 2796 ¹
478 2691 744 2790 -Deberi
789 2700 1003 2784 caelu,
1044 2706 1323 2798 fatisque
1361 2710 1441 2774 ad
1479 2707 1683 2774 sidera
1731 2709 1905 2770 tolli.

448 2813 455 2840 ³
494 2825 683 2903 Quid
698 2813 939 2909 struis?
972 2843 1081 2888 aut
1112 2851 1241 2915 qua
1274 2850 1383 2914 spe
1409 2826 1641 2919 gelidis
1668 2829 1735 2888 in
1765 2823 2042 2889 nubibus
2063 2815 2319 2886 haeres?

512 2932 841 3034 M'ottalin’
881 2944 1097 3008 decuit
1140 2948 1371 3010 violari
1412 2947 1676 3012 vulnere
1719 2937 1982 3008 divum?

514 3054 647 3123 Aut
684 3083 891 3126 ensem
933 3058 1125 3150 (quid
1166 3067 1330 3128 enim
1368 3069 1502 3130 sine
1546 3083 1605 3128 te
1642 3068 1916 3127 Iuturna
1957 3051 2280 3142 valeret?)

508 3169 815 3266 Ereptum
856 3182 1035 3246 reddi
1079 3185 1329 3261 Turne,
1366 3203 1429 3248 et
1471 3187 1599 3248 vim
1640 3204 1920 3248 crescere
1961 3174 2196 3244 victis?

511 3301 741 3385 Desine
779 3303 901 3363 iam
944 3301 1223 3380 tandem,
1264 3303 1687 3391 precibusque
1730 3299 2053 3365 inflectere
2093 3301 2347 3364 nostris:

496 3393 642 3492 ‘Nec
687 3435 752 3480 te
789 3435 1005 3482 tantus
1043 3418 1190 3484 edat
1234 3425 1493 3486 tacitam
1534 3421 1748 3485 dolor:
1792 3439 1854 3483 et
1897 3417 2051 3483 mihi
2092 3439 2283 3482 curae

412 3542 430 3590 Γ
476 3540 708 3624 ⁴„Saepe
749 3557 857 3600 tuo
895 3536 1069 3602 dulci
1116 3541 1327 3602 tristes
1366 3563 1445 3604 ex
1489 3563 1597 3604 ore
1638 3557 1992 3604 recursent.
2101 3561 2167 3604 xe
2178 3530 2228 3595 “’”.

390 3665 400 3672 ’
508 3657 785 3718 Ventum
826 3655 903 3719 ad
944 3679 1303 3743 supremum
1343 3677 1471 3722 est.
1513 3627 1728 3722 Terris
1769 3659 2014 3746 agitare
2055 3652 2158 3716 vel
2197 3637 2380 3754 undis

386 3747 397 3757 ι
506 3775 813 3838 Troianos
852 3779 1157 3862 potuisti;
1202 3773 1527 3844 infandum
1563 3776 1908 3842 accendere
1949 3769 2288 3848 bellum,
2323 3845 2334 3858 ·

280 3893 324 3960 ’,
418 3962 429 3976 ,
509 3889 875 3958 Deformare
915 3893 1203 3973 domum,
1246 3913 1307 3960 et
1346 3897 1529 3961 luctu
1570 3899 1826 3960 miscere
1868 3889 2280 3981 hymenaeos.
