3400 5175
1126 542 1533 635 PVBLI
1548 544 1593 632 Ι

638 800 1255 906 VIRGILII
1376 796 2044 907 MARONIS

972 1083 1699 1165 AENEIDOS

806 1376 1177 1447 mmm
1267 1372 1840 1446 DECIMVS.
1909 1346 1914 1351 ’

1412 1550 1435 1574 0

982 1608 1643 1652 Μ

440 1816 812 1969 Panditur
852 1908 1099 1970 interea
1140 1907 1359 1971 domus
1399 1904 1854 1993 omnipotentis
1892 1901 2185 1993 Olympi,

436 2024 923 2114 conciliumque
964 2044 1152 2089 vocat
1186 2024 1402 2091 divfim
1436 2045 1621 2113 pater
1644 2044 1838 2113 atque
1867 2021 2188 2089 hominum
2220 2045 2329 2085 rex

436 2144 757 2211 sideream
802 2148 867 2211 in
906 2144 1148 2211 aedem:
1190 2164 1393 2213 terras
1435 2145 1599 2209 unde
1635 2144 1874 2210 arduus
1915 2166 2156 2219 omnes,

434 2268 783 2354 Castraque
798 2263 1229 2331 Dardanidum
1245 2266 1570 2353 adspectat
1593 2314 1611 2344 ,
1629 2266 2026 2355 populosque
2041 2264 2295 2327 Latinos
2309 2310 2324 2327 .

436 2384 793 2451 Considunt
832 2392 1019 2452 tectis
1056 2386 1523 2474 bipatentibus.
1568 2389 1811 2474 Incipit
1856 2391 2022 2476 ipse:

525 2504 891 2572 Caelicolae
932 2510 1179 2599 magni,
1234 2513 1385 2600 qnia
1423 2534 1561 2577 nam
1602 2512 1918 2573 sententia
1959 2506 2141 2569 vobis

436 2627 625 2689 Versa
669 2643 873 2706 retra,
916 2645 1296 2720 tantumque
1334 2633 1560 2694 animis
1598 2631 1862 2692 certatis
1903 2617 2190 2714 iniquis?

442 2743 805 2812 Abnueram
844 2747 1019 2811 bello
1060 2750 1310 2815 Italiam
1353 2771 1726 2816 concurrere
1766 2749 2060 2810 Teucris·

436 2867 609 2944 Quae
648 2885 871 2932 contra
914 2871 1187 2932 vetitum
1228 2863 1593 2934 discordia?
1633 2871 1778 2957 quia
1817 2885 2020 2930 metus
2062 2883 2172 2927 aut
2216 2862 2328 2927 hos

438 2987 562 3047 Aut
602 2981 726 3048 bos
762 3008 930 3051 arma
966 2992 1181 3076 sequi,
1229 2986 1595 3079 ferrumque
1636 2992 1946 3055 lacessere
1985 2979 2229 3052 suasit?

436 3102 752 3170 Adveniet
788 3110 1023 3172 iustum
1068 3133 1349 3200 pugnae,
1384 3105 1463 3173 'ne
1505 3112 1841 3186 arcessite,
1881 3127 2158 3195 tempus,

430 3227 633 3306 Quum
676 3223 813 3292 fera
854 3229 1182 3321 Carthago
1224 3234 1524 3294 Romanis
1559 3229 1814 3294 arcibus
1855 3230 2007 3293 olim

434 3349 719 3414 Exitium
760 3373 1055 3441 magnum
1098 3371 1295 3441 atque
1336 3352 1529 3440 Alpes
1570 3353 1872 3414 immittet
1917 3367 2202 3436 apertas:

438 3471 594 3531 Tum
634 3488 881 3533 certare
922 3469 1123 3548 odiis,
1165 3491 1298 3534 tum
1345 3495 1439 3535 rea
1478 3477 1759 3560 rapuisse
1798 3473 2062 3540 licebit.

434 3587 615 3650 Nunc
656 3593 887 3668 sinite3
930 3608 995 3654 et
1040 3591 1347 3678 placitum
1390 3591 1549 3655 laeti
1589 3595 1952 3679 componite
1991 3587 2240 3655 foedus.

531 3709 831 3794 Iuppiter
868 3707 1027 3774 haec
1067 3714 1321 3796 paucis:
1364 3730 1426 3774 at
1468 3737 1587 3776 non
1626 3717 1842 3778 Venus
1881 3731 2072 3774 aurea
2113 3731 2334 3774 contra

440 3825 640 3890 Pauca
684 3823 915 3892 refert.

439 3945 487 4006 Ο
524 3949 740 4027 Pater,
782 3971 821 4012 0
862 3946 1187 4014 hominum
1230 3973 1565 4040 rerumque
1606 3971 1860 4014 aeterna
1902 3941 2206 4036 potestas!
