3400 5175
841 610 1302 667 Aznnrnos
1367 614 1540 668 mn.
1599 572 1763 673 irrr.
1865 592 2027 695 327
2185 613 2291 698 49

413 748 555 811 Odit
599 764 662 809 et
704 749 840 833 ipse
880 767 1064 832 pater
1103 748 1366 824 Pluton,
1406 746 1593 811 odere
1635 770 1877 812 sorores

414 872 757 932 Tartareae
805 888 1182 931 monstrum:
1231 888 1322 931 tot
1367 892 1496 931 sese
1539 873 1731 932 vertit
1777 874 1839 933 in
1878 892 2021 947 ora,

411 990 552 1049 Tam
597 1010 822 1051 saevae
865 985 1071 1063 faces,
1106 1006 1197 1051 tot
1242 988 1519 1075 pullulat
1559 1009 1696 1053 atra
1735 989 2048 1055 colubris.

407 1111 596 1187 Quam
643 1110 809 1169 Iuno
852 1104 950 1171 his
990 1112 1160 1171 acuit
1199 1107 1440 1183 verbis,
1482 1130 1554 1172 ac
1597 1109 1755 1172 talia
1788 1106 1995 1175 fatur:

413 1230 592 1291 Hunc
633 1224 790 1287 mihi
818 1226 898 1287 da
931 1229 1250 1312 proprium
1274 1274 1292 1303 ,
1323 1230 1508 1317 virgo
1539 1247 1673 1291 sata
1711 1232 1915 1293 Nocte
1936 1278 1954 1305 ,
1984 1228 2295 1308 laborem,

411 1350 584 1410 Hanc
625 1367 918 1432 operam,
962 1368 1042 1407 ne
1080 1366 1290 1409 noster
1330 1345 1528 1409 honos
1569 1344 1926 1411 infractave
1962 1348 2149 1413 cedat

415 1469 594 1529 Fama
637 1466 818 1527 loco:
863 1464 1362 1530 neu-connubiis
1403 1464 1640 1528 ambire
1681 1470 1973 1530 Latinum

415 1584 748 1649 Aeneadae
789 1588 1071 1671 possint,
1114 1586 1390 1648 Italosve
1431 1584 1721 1649 obsidere
1762 1584 1948 1649 fines.

418 1708 506 1767 Tu
549 1721 730 1790 potes
771 1709 1096 1768 unanimos.
1138 1728 1380 1769 armare
1413 1708 1474 1767 in
1519 1706 1763 1791 proelia
1808 1702 2067 1785 fratres,

417 1830 627 1911 Atque
663 1824 830 1888 odiis
870 1847 1116 1887 versare
1157 1824 1409 1902 domos;
1448 1842 1518 1886 tu
1563 1823 1826 1889 verbera
1868 1828 2056 1889 tectis

419 1946 860 2031 funereasque
901 1941 1136 2009 inferre
1183 1940 1390 2019 faceat,
1438 1943 1560 2007 tibi
1603 1948 1851 2009 nomina
1895 1944 2102 2021 mille,

419 2064 601 2126 Mille
644 2063 912 2127 nocendi
957 2082 1162 2127 artes.
1207 2062 1568 2127 Fecundum
1620 2080 1889 2127 concute
1928 2082 2187 2151 pectus,

421 2186 660 2246 Disiice
701 2187 1110 2270 compositam
1157 2206 1410 2270 pacem,
1450 2206 1583 2247 sere
1624 2186 1891 2248 crimina
1934 2183 2130 2260 belm

423 2306 608 2365 Arma
649 2303 846 2379 velit,
889 2322 1234 2391 poscatque
1273 2304 1490 2379 simul,
1529 2307 1866 2392 rapiatque
1908 2307 2235 2367 iuventus.

519 2426 688 2485 Exin
727 2426 1080 2512 Gorgoneis
1121 2423 1371 2487 Allecto
1410 2421 1650 2487 infecta
1692 2428 1949 2487 venenis

425 2542 749 2629 Principio
794 2546 1078 2621 Latium,
1119 2562 1180 2606 et
1223 2544 1552 2606 Laurentis
1595 2560 1769 2606 tecta
1812 2543 2071 2631 tyranni

427 2662 604 2725 Celsa
647 2665 851 2748 petit,
891 2667 1288 2753 tacitumque
1331 2662 1580 2728 obsedit
1624 2661 1819 2724 limen
1863 2665 2160 2723 Amatae:

425 2787 620 2862 Quam
665 2806 856 2870 super
894 2783 1170 2848 adventu
1213 2780 1529 2848 Teucriim
1573 2781 1903 2867 Turnique
1944 2777 2315 2866 hymenaeis

429 2906 758 2966 Femineae
804 2903 1124 2968 ardentem
1167 2925 1488 2992 curaeque
1534 2905 1793 2989 iraeque
1832 2897 2231 2988 coquebant.

429 3025 594 3087 Huic
639 3027 774 3087 Dea
815 3025 1124 3088 caeruleis
1151 3023 1354 3088 'unum
1394 3023 1472 3087 de
1508 3019 1796 3086 crinibus
1836 3041 2103 3110 anguem

430 3143 742 3221 Coniicit,
784 3147 978 3232 inque
1019 3147 1223 3208 sinum
1267 3143 1638 3232 praecordia
1683 3142 1761 3206 ad
1806 3145 2031 3206 intima
2070 3137 2319 3216 subdit;

431 3263 564 3340 Quo
601 3258 952 3326 furibunda
997 3262 1248 3327 domum
1293 3281 1570 3326 monstro
1601 3265 1977 3348 permisceat
2022 3282 2297 3325 omnem.

432 3379 584 3458 Ille,
629 3383 798 3444 inter
833 3399 1038 3445 vestes
1081 3401 1142 3444 et
1187 3383 1356 3448 levia
1395 3399 1655 3468 pectora
1693 3381 1938 3468 lapsus,

435 3498 734 3562 Volvitur
777 3517 1026 3563 attactu
1073 3500 1288 3576 nullo,
1329 3497 1636 3591 fallitque
1677 3495 2029 3576 furentem,

433 3622 768 3705 vipeream
800 3623 1118 3708 inspirans
1163 3623 1462 3684 animam:
1506 3618 1576 3688 fit
1617 3621 1839 3683 tortile
1880 3617 2049 3683 collo

434 3740 670 3800 Aurum
716 3741 940 3828 ingens
979 3739 1280 3815 coluber,
1321 3737 1388 3804 fit
1425 3741 1652 3832 longae
1693 3741 1901 3801 taenia
1943 3738 2179 3812 vittae,

435 3858 844 3945 Innectitque
881 3881 1126 3937 comas,
1164 3878 1227 3924 et
1269 3859 1560 3926 membris
1604 3855 1892 3922 lubricus
1932 3871 2132 3918 errat.

434 3979 524 4038 Ac
567 3975 716 4038 dum
763 3979 964 4062 prima
1004 3977 1144 4062 lues
1189 3979 1314 4044 udo
1356 3979 1650 4064 sublapsa
1693 3993 1937 4039 veneno

2096 4119 2105 4130 .
2159 4081 2194 4126 4
