3400 5175
916 582 1377 641 Anumnos
1439 584 1613 639 mn.
1674 586 1802 640 x1.
1953 560 2100 639 551
2237 591 2388 667 ¹79

520 720 811 783 'versanti
850 716 1063 783 subito
1100 720 1211 781 vix
1256 714 1411 781 haec
1446 722 1759 781 sententia
1799 715 2002 781 sedit.

524 837 744 901 Telum
788 840 1092 910 immane,
1132 856 1317 896 manu
1357 834 1567 899 valida
1606 835 1778 923 quod
1821 832 1982 899 forte
2020 834 2284 927 gerebat

524 955 830 1029 Bellator,
872 952 1145 1018 solidum
1185 951 1365 1017 nodis
1401 972 1465 1017 et
1510 954 1732 1020 robore
1773 973 1994 1033 cocto;

522 1075 689 1135 Huic
732 1090 971 1147 natam,
1016 1068 1176 1135 libro
1218 1090 1281 1135 et
1323 1072 1605 1137 silvestri
1646 1075 1869 1140 subere
1905 1076 2175 1139 clausam
2201 1120 2221 1149 ‚

520 1191 855 1277 Implicat,
894 1208 1087 1278 atque
1126 1189 1403 1257 habilem
1438 1192 1683 1258 mediae
1712 1194 2116 1285 circumligat
2147 1192 2393 1273 hastae3

520 1313 717 1389 Quam
758 1308 990 1372 dextra
1030 1310 1275 1399 ingenti
1316 1310 1555 1375 librans
1596 1314 1687 1375 ita
1728 1312 1808 1376 ad
1851 1308 2108 1375 aethera
2149 1308 2351 1375 fatur:

520 1427 733 1505 Alma,
776 1426 897 1492 tibi
938 1425 1135 1503 hanc,
1174 1450 1495 1494 nemorum
1538 1431 1777 1495 cultrix
1822 1433 2084 1493 Latonia
2123 1434 2344 1519 virgo,

517 1548 659 1633 Ipse
701 1562 881 1632 pater
916 1543 1211 1610 famulam
1250 1570 1489 1614 voveo:
1536 1568 1642 1613 tus
1686 1554 1890 1637 prima
1930 1571 2041 1636 per
2083 1570 2264 1611 auras

518 1664 676 1729 Tela
716 1683 935 1729 tenens
976 1666 1246 1753 supplex
1286 1664 1533 1731 hostem
1574 1664 1778 1759 fugit.
1831 1670 2102 1754 Accipe,
2145 1684 2371 1742 testor,

516 1788 681 1849 Diva
720 1802 930 1861 tuam,
968 1808 1131 1873 quae
1172 1808 1335 1851 nunc
1376 1786 1591 1853 dubiis
1632 1788 2056 1850 committitur
2099 1787 2310 1848 auris.

514 1906 733 1981 Dixit,
772 1892 839 1967 et
880 1902 1161 1969 adducto
1200 1923 1551 1970 contortum
1595 1903 1826 1969 hastile
1866 1903 2106 1969 lacerto

522 2026 861 2088 Immittitz
897 2046 1159 2087 sonuere
1196 2024 1437 2089 undae:
1474 2024 1764 2112 rapidum
1804 2045 1991 2109 super
2034 2044 2274 2087 amnem

516 2140 748 2209 Infelix
788 2140 963 2235 fugit
1002 2147 1067 2208 in
1106 2144 1323 2209 iaculo
1363 2143 1671 2208 stridente
1711 2141 2011 2204 Camilla.

514 2268 596 2327 At
639 2264 973 2340 Metabus,
1016 2286 1243 2355 magna
1282 2266 1545 2350 propius
1584 2265 1712 2326 ism
1751 2278 2022 2351 urgente
2057 2276 2356 2337 caterva,

514 2384 639 2445 Dat
674 2406 805 2446 sese
844 2380 1077 2461 fluvio,
1114 2404 1313 2471 atque
1351 2380 1593 2445 hastam
1630 2402 1772 2445 cum
1813 2382 2314 2483 V'Uine‘victor

513 2505 849 2565 Gramineo
884 2502 1117 2567 donum
1158 2504 1415 2566 Triviae
1458 2500 1536 2565 de
1575 2500 1822 2585 cespite
1862 2496 2048 2560 vellit
2080 2541 2096 2557 .

503 2625 653 2686 “Non
694 2622 878 2687 illum
921 2627 1113 2688 tectis
1154 2623 1357 2701 ullae,
1402 2642 1525 2686 non
1562 2615 1890 2682 moenibus
1927 2613 2116 2679 urbes

514 2745 871 2830 Accepere,
916 2764 1121 2830 neque
1158 2744 1293 2828 ipse
1334 2761 1555 2805 manus
1596 2734 1860 2801 feritate
1899 2731 2212 2797 dedisset:

513 2863 837 2924 Pastorum
879 2881 941 2924 et
982 2861 1133 2926 solis
1169 2862 1390 2950 exegit
1438 2855 1756 2922 montibus
1797 2874 2051 2916 aevum.

515 2982 636 3044 Hic
679 2999 922 3058 natam,
962 2985 1027 3043 in
1068 2980 1273 3046 dumis
1306 2981 1607 3064 interque
1648 2973 1976 3038 horrentia
2015 2968 2252 3044 lustra,

513 3102 893 3164 Armentalis
934 3123 1135 3188 equae
1178 3100 1451 3164 mammis
1492 3115 1557 3159 et
1598 3093 1770 3157 lacte
1808 3087 2012 3154 ferino

510 3193 851 3326 thtribau
894 3224 1128 3284 tenetis
1168 3217 1543 3308 immulgens
1586 3215 1786 3279 ubera
1807 3205 2050 3276 'labris-

514 3343 729 3426 thue
770 3337 995 3426 pedum
1038 3341 1259 3424 primis
1298 3333 1511 3401 infans
1548 3335 1826 3424 vestigia
1867 3330 2102 3416 plantis

517 3460 883 3536 Institerat,
926 3459 1137 3522 iaculo
1178 3458 1421 3544 palmas
1455 3457 1742 3520 oneravit
1785 3469 2012 3528 acuto;

520 3577 905 3666 Spiculaque
947 3601 1023 3641 ex
1066 3575 1331 3641 humero
1368 3595 1604 3663 parvae
1646 3567 1976 3658 suspendit
2017 3581 2084 3630 et
2123 3582 2368 3628 arcum.

516 3697 633 3758 Pro
666 3695 893 3759 crinali
936 3719 1125 3774 auro,
1164 3719 1278 3782 pto
1318 3661 1547 3785 longa}
1587 3690 1863 3782 tegmine
1907 3682 2147 3772 pallae,

518 3814 801 3904 Tigridis
840 3819 1113 3880 exuviae
1156 3837 1268 3903 per
1305 3815 1559 3880 dorsum
1604 3831 1637 3872 a
1678 3808 1918 3871 vertice
1961 3795 2273 3887 pendent·

517 3935 675 3998 Tela
715 3957 903 3999 mann
947 3938 1071 3999 ism
1113 3952 1249 3999 tnm
1291 3951 1513 4002 tenera
1554 3926 1830 4018 puerilia
1874 3921 2102 3996 torsit,
