3400 5175
879 603 1351 661 AENEIDOS
1408 604 1581 657 mn.
1648 604 1734 657 x.
1921 583 2069 657 103
2202 610 2350 685 129

471 740 623 807 Tum
648 732 919 827 zephyri
941 758 1237 823 posuere:
1266 738 1491 823 premit
1520 735 1774 822 placida
1801 757 2076 824 aequora
2092 756 2356 825 pontus.

474 861 763 945 Accipite
801 878 993 946 ergo,
1030 860 1255 918 animis
1294 873 1491 943 atque
1528 852 1681 917 haec
1723 878 1858 919 mea
1901 854 2079 947 figite
2119 858 2330 922 dicta.

476 974 999 1063 Quandoquidem
1045 976 1351 1039 Ausonios
1393 978 1653 1065 coniugi
1699 972 1952 1039 foedere
1985 980 2253 1041 Teucris

476 1094 661 1160 Haud
698 1095 989 1173 licitum;
1035 1116 1149 1157 nec
1192 1112 1401 1159 vestra
1436 1098 1608 1181 capit
1653 1094 1976 1157 discordia
2007 1094 2225 1159 finem:

478 1218 643 1293 Quae
664 1215 903 1299 cuique
926 1232 1017 1275 est
1045 1209 1299 1275 fortuna
1330 1210 1551 1287 hodie,
1569 1236 1760 1301 quam
1781 1218 2056 1302 quisque
2077 1236 2244 1279 secat
2263 1238 2432 1303 spem
2450 1261 2469 1294 ,

480 1338 629 1397 Tros
666 1332 1029 1395 Rutulusve
1066 1328 1207 1395 fust
1230 1378 1248 1411 ,
1285 1333 1463 1397 nullo
1502 1322 1870 1396 discriniine
1913 1332 2194 1398 habebo:

484 1458 597 1514 Seu
638 1448 788 1514 fatis
829 1448 1055 1513 Italum
1101 1470 1309 1513 castra
1350 1450 1681 1515 obsidione
1727 1469 2054 1527 tenentur,

486 1573 623 1633 Sive
666 1590 873 1631 errore
915 1568 1079 1631 malo
1122 1572 1351 1631 Troiae
1390 1572 1776 1655 monitisque
1815 1571 2123 1632 sinistris.

484 1692 611 1752 Nec
652 1688 933 1751 Rutulos
968 1688 1183 1750 solvo.
1222 1692 1348 1751 Sua
1389 1692 1629 1776 cuique
1672 1710 1897 1751 exorsa
1940 1688 2218 1751 laborem

486 1810 950 1893 Fortunamque
987 1803 1219 1868 ferent.
1262 1809 1401 1870 Rex
1445 1810 1746 1894 Iuppiter
1781 1804 2074 1869 omnibus
2120 1806 2316 1869 idem.

487 1930 631 1989 Fata
671 1926 837 1987 viam
880 1926 1236 1990 invenient.
1278 1928 1497 2016 Stygii
1538 1947 1649 2013 per
1682 1923 1942 1988 flumina
1981 1921 2198 1988 fratris
2228 1970 2246 2004 ,

489 2048 595 2109 Per
630 2048 777 2133 pice
819 2060 1127 2107 torrentes
1164 2062 1435 2133 atraque
1472 2048 1778 2136 voragine
1820 2049 2020 2132 ripas,

492 2164 760 2242 Adnuit,
799 2183 862 2226 et
908 2180 1111 2227 totum
1152 2184 1311 2228 nutu
1348 2163 1701 2230 tremefecit
1745 2166 2122 2254 Olympum.

495 2286 607 2347 Hic
648 2281 789 2346 finis
827 2280 1037 2347 fandi.
1078 2283 1253 2347 Solio
1296 2302 1429 2348 tum
1473 2286 1764 2371 Iuppiter
1806 2306 1996 2347 aureo

496 2406 739 2494 Surgit,
778 2402 1125 2466 caelicolae
1166 2402 1435 2466 medium
1474 2424 1659 2490 quem
1704 2402 1782 2465 ad
1824 2403 2046 2466 limina
2085 2401 2364 2466 ducunt.

585 2526 843 2585 Interea
879 2521 1106 2584 Rutuli
1148 2524 1349 2609 portis
1388 2524 1629 2585 circum
1672 2519 1962 2585 omnibus
2003 2524 2245 2584 instant

498 2641 782 2705 Sternere
820 2639 1013 2706 caede
1052 2645 1257 2718 viros,
1298 2655 1363 2704 et
1404 2644 1647 2704 moenia
1682 2643 1942 2730 cingere
1983 2638 2281 2703 flammis.

500 2761 575 2821 At
616 2761 791 2850 legio
832 2757 1189 2824 Aeneadum
1227 2757 1419 2824 vallis
1457 2758 1708 2824 obsessa
1750 2779 2034 2823 tenetur:

500 2878 625 2942 Nec
664 2900 805 2965 spes
833 2878 970 2942 ulla
1012 2875 1231 2970 fugae.
1272 2881 1499 2944 Miseri
1526 2879 1706 2942 'stant
1751 2876 2038 2943 turribus
2081 2876 2232 2942 altis

502 2995 980 3083 Nequidquam,
1017 3015 1083 3064 et
1121 3019 1265 3068 rara
1296 3017 1507 3062 muros
1548 3001 1810 3064 cinxere
1849 3019 2117 3062 corona:

506 3117 687 3177 Asius
729 3112 1143 3192 Imbrasides,
1186 3119 1738 3206 Hicetaoniusque
1778 3117 2196 3209 Thymoetes,

508 3235 919 3320 Assaracique
958 3233 1113 3314 duo,
1156 3253 1221 3298 et
1261 3241 1467 3302 senior
1504 3261 1647 3303 cum
1686 3242 1953 3303 Castore
1993 3235 2370 3328 Thymbris‚

508 3355 713 3416 Prima
758 3356 957 3416 acies.
996 3359 1125 3418 Hos
1164 3361 1441 3446 germani
1483 3359 1868 3447 Sarpedonis
1911 3359 2128 3437 ambo,

510 3472 587 3534 Et
626 3473 888 3550 Clarus,
930 3491 993 3536 et
1036 3471 1350 3556 Themon,
1390 3480 1591 3566 Lycia
1630 3481 2026 3542 comitantur.
2055 3477 2138 3542 ab
2175 3477 2346 3540 alta.

510 3591 653 3653 Fert
689 3593 915 3680 ingens
952 3609 1091 3656 toto
1131 3598 1442 3659 connixus
1480 3618 1746 3684 corpore
1783 3619 2040 3671 saxum,

512 3708 694 3772 Haud
735 3727 976 3795 partem
1015 3714 1311 3804 exiguam
1354 3717 1619 3792 montis,
1658 3717 2042 3802 Lyrnessius
2083 3718 2322 3778 Acmon
2347 3760 2366 3792 ,

508 3827 637 3890 Nec
679 3827 905 3916 Clytio
944 3833 1241 3921 genitore
1282 3817 1515 3912 niinor,
1558 3855 1675 3896 nec
1713 3830 1913 3896 fratre
1951 3828 2358 3896 Mene'stheo.

517 3945 600 4006 Ei
640 3945 905 4026 iaculis,
950 3949 1051 4014 illi
1090 3969 1341 4018 certant
1382 3951 1724 4020 defendere
1764 3955 1976 4029 saxis,

2050 4071 2058 4079 ·
2126 4059 2154 4104 9
