3400 5175
1146 560 1308 647 240
1875 566 2372 621 GVLEx.
2547 576 2710 651 247

1188 698 1423 786 (Sicut
1466 698 1713 785 Hymen
1757 716 2062 787 praesaga
2105 695 2284 761 dedit
2327 698 2646 764 connubia
2691 701 2992 795 mortis),

1240 820 1458 901 Atque
1493 813 1651 877 'alias
1694 811 1826 877 alio
1867 812 2092 877 densat
2129 836 2318 902 super
2362 820 2616 907 agmine
2653 818 2934 886 turmas?

1238 936 1582 1020 Impietate
1622 928 1758 996 fera
1803 932 2132 996 vecordem
2177 933 2489 998 Colchida
2537 960 2794 1001 matrem

1240 1055 1449 1115 Anxia
1486 1050 1786 1114 sollicitis
1825 1049 2233 1115 meditantem
2275 1053 2536 1116 vulnera
2581 1050 2794 1119 natis?

1240 1175 1339 1233 An
1387 1168 1766 1233 Pandionias
1809 1168 2196 1233 miserandas
2237 1170 2415 1257 prole
2459 1167 2754 1257 puellas?

1241 1292 1518 1368 Quarum
1562 1309 1685 1351 vox
1725 1291 1882 1376 Ityn
1921 1290 2306 1379 ingeminat,
2347 1312 2478 1377 quo
2501 1293 2837 1354 -Bistonius
2877 1312 2988 1355 rex

1242 1408 1449 1473 Orbus
1486 1429 1680 1494 epops
1723 1424 1958 1470 maeret
1995 1405 2290 1471 volucres
2329 1427 2585 1473 evectus
2627 1412 2696 1473 in
2731 1431 2952 1473 auras.

1241 1534 1327 1591 At
1367 1526 1803 1593 discordantes
1845 1524 2116 1590 Cadmeo
2157 1527 2467 1615 sanguine
2509 1522 2734 1589 fratres

1242 1649 1377 1710 Iam
1420 1645 1787 1711 truculenta
1827 1642 2042 1708 ferunt
2085 1640 2446 1730 infestaque
2483 1643 2721 1706 lumina
2759 1664 2990 1731 corpus

1246 1765 1429 1828 Alter
1470 1766 1537 1828 in
1576 1764 1878 1841 alterium
1923 1769 2173 1851 iamque
2210 1782 2536 1825 aversatur
2581 1780 2894 1849 uterque,

1246 1885 1453 1969 Impia
1490 1884 1776 1972 germani
1821 1899 2034 1943 manat
2074 1878 2242 1968 quod
2285 1884 2595 1969 sanguine
2631 1878 2894 1945 dextra.

1242 2000 1423 2064 Eheu
1466 1997 1804 2063 mutandus
1845 2021 2184 2087 numquam
2223 1994 2434 2064 labor!
2493 1997 2764 2063 Auferor
2805 2000 2980 2063 ultra

1244 2122 1317 2181 In
1360 2118 1610 2181 diversa
1650 2118 1882 2206 magis:
1929 2116 2236 2180 distantia
2273 2114 2530 2180 flumina
2570 2139 2791 2181 cerno:
2982 2118 2986 2121 ’

1242 2236 1527 2323 Elysiam
1570 2233 1919 2297 tranandus
1958 2256 2113 2325 agor
2155 2234 2406 2299 delatus
2444 2235 2521 2299 ad
2565 2236 2831 2299 undam.

1244 2354 1449 2419 Obvia
1490 2351 1882 2439 Persephone
1921 2356 2182 2419 comites
2223 2350 2516 2416 heroidas
2555 2372 2742 2444 urget

1246 2470 1561 2536 Adversas
1598 2467 1880 2557 perferre
1921 2468 2123 2536 faces.
2178 2470 2450 2535 Alcestis
2491 2470 2574 2535 ab
2613 2476 2782 2536 omni

1246 2591 1573 2658 Inviolata
1610 2609 1799 2654 vacat
1843 2613 2028 2668 cura,
2069 2589 2246 2677 quod
2283 2613 2471 2654 saeva
2511 2596 2724 2655 mariti

1245 2715 1393 2799 Ipsa
1433 2713 1563 2776 suis
1604 2707 1753 2774 fatis
1793 2710 2046 2774 Admeti
2085 2704 2216 2772 fata
2259 2729 2498 2773 morata
2535 2729 2666 2774 est.

1244 2835 1411 2894 Ecce
1450 2827 1662 2894 Ithaci
1709 2829 1944 2891 coniux
1987 2828 2365 2893 Laertiadae
2405 2831 2698 2892 Icariotis

1243 2951 1607 3012 Femineum
1648 2950 2022 3032 incorrupta
2063 2944 2286 3010 decus:
2329 2969 2534 3012 manet
2575 2969 2638 3012 et
2679 2947 2904 3034 procul
2945 2947 3060 3011 illa

1244 3065 1461 3130 Turba
1502 3061 1683 3128 ferox
1727 3067 2026 3128 iuvenum
2070 3064 2217 3128 telis
2256 3065 2502 3130 confixa
2539 3070 2779 3132 mariti.

1236 3188 1411 3270 ‘Quin
1450 3185 1675 3247 misera
1715 3182 2038 3272 Eurydice
2077 3188 2278 3248 tacito
2319 3207 2593 3248 maerore
2633 3186 2930 3260 recessit,

1247 3307 1543 3390 Poneque
1584 3319 2048 3388 respectantem
2085 3323 2150 3366 et
2189 3326 2354 3368 nunc
2387 3324 2589 3368 manet
2613 3302 2862 3390 Orphea
2887 3326 3120 3366 serum.

1243 3421 1476 3487 Audax
1515 3421 1629 3485 ille
1671 3421 1962 3510 quidem,
2005 3424 2121 3509 qui
2164 3426 2378 3486 mitem
2421 3422 2740 3486 Cerberon
2775 3445 3076 3510 umquam

1242 3540 1572 3618 Credidit,
1614 3561 1726 3604 aut
1773 3541 1890 3604 ulli
1932 3544 2102 3605 Ditis
2142 3540 2464 3629 placabile
2503 3523 2769 3619 numen3

1242 3663 1377 3724 Nec
1406 3664 1620 3723 timuit
1653 3657 2123 3750 Phlegethonta
2157 3657 2466 3725 furentem
2503 3656 2876 3723 ardentibus
2905 3656 3122 3734 undis,

1244 3781 1376 3844 Nec
1421 3799 1651 3842 maesta
1692 3779 2024 3843 obtentum
2066 3780 2235 3850 Ditis
2271 3774 2594 3868 ferrugine
2635 3797 2927 3865 regnum,

1245 3895 1663 3988 Defossasque
1708 3898 1954 3978 domos,
1997 3921 2068 3963 ac
2111 3903 2383 3963 Tartara
2423 3915 2606 3961 nocte
2646 3913 2911 3960 cruenta
