3400 5175
896 636 1049 716 166
1506 654 1577 707 P.
1660 648 2216 707 vraornrr
2463 625 2612 725 187

982 788 1297 857 Conditnr
1334 788 1401 851 in
1444 784 1736 850 tenebrae
1775 781 1975 847 altum
2016 778 2300 869 caligine
2339 779 2618 843 caelum.

982 916 1110 975 Ter
1147 911 1389 975 circum
1430 927 1756 981 accensos,
1795 902 1996 967 cincti
2037 897 2442 991 fulgentibus
2485 902 2706 975 armis,

982 1034 1337 1095 Decurrere
1380 1048 1562 1116 rogos
1582 994 1743 1103 {lter
1785 1038 2084 1085 maestum
2125 1016 2368 1083 funeris
2409 1020 2616 1106 ignem

982 1154 1363 1215 Lustravere
1404 1148 1469 1209 in
1505 1146 1728 1233 equi03
1773 1140 2186 1226 ululatusque
2220 1158 2330 1201 ore
2367 1136 2630 1201 dederez

980 1270 1327 1357 Spargitur
1365 1282 1430 1328 et
1470 1262 1663 1327 tellus
1705 1260 2042 1349 lacrymis,
2083 1274 2476 1347 sparguntur
2511 1271 2575 1317 et
2617 1273 2820 1315 arma.

977 1390 1046 1452 It
1082 1384 1261 1451 caelo
1302 1383 1673 1471 clamorque
1713 1376 1918 1443 virum
1955 1379 2348 1467 clangorque
2388 1370 2724 1438 tubarum.

981 1509 1152 1571 Hinc
1188 1505 1303 1569 alii
1342 1504 1552 1591 spolia
1584 1503 1816 1565 occisis
1851 1497 2117 1583 derepta
2149 1494 2397 1557 Latinis

984 1626 1356 1689 Coniiciunt
1398 1624 1573 1713 igni;
1612 1621 1866 1712 galeae,
1902 1636 2206 1703 ensesque
2245 1611 2544 1685 decoros,

986 1748 1357 1830 Frenaque,
1397 1739 1843 1827 ferventesque
1885 1752 2083 1812 rotas;
2126 1754 2269 1819 pare
2309 1750 2566 1793 munera
2607 1742 2788 1801 nota,

984 1863 1274 1947 Ipsorum
1308 1860 1586 1947 clipeos,
1626 1875 1691 1921 et
1735 1878 1858 1920 non
1888 1853 2108 1920 felicia
2141 1852 2303 1915 tela.

983 1979 1201 2044 Multa
1237 1976 1427 2043 boum
1467 1980 1644 2041 cirea
1678 1990 2040 2039 mactantur
2079 1991 2343 2058 corpora
2381 1966 2622 2041 Morti;

982 2099 1473 2189 Saetigeroeque
1513 2117 1682 2173 sues,
1726 2111 2065 2183 raptaeque
2107 2112 2186 2153 ex
2225 2085 2516 2151 omnibus
2557 2084 2729 2173 agria

984 2220 1064 2281 In
1100 2214 1407 2281 flammam
1443 2215 1742 2307 iugulant
1785 2210 2088 2301 pecudes:
2135 2227 2270 2271 tum
2309 2206 2500 2268 litore
2541 2219 2681 2266 toto

985 2336 1301 2402 Ardentes
1338 2352 1633 2424 spectant
1670 2338 1908 2409 socios,
1949 2331 2376 2412 semiustaque
2413 2339 2668 2387 servant

988 2460 1219 2535 Βασίας
1262 2478 1471 2546 neque
1506 2454 1701 2521 avelli
1746 2467 2041 2542 possunt,
2081 2468 2206 2511 nox
2245 2442 2508 2508 humida
2545 2438 2742 2505 donec

990 2578 1269 2640 Invertit
1310 2576 1559 2640 caelum
1600 2574 1804 2640 stellis
1845 2566 2244 2660 fulgentibus
2279 2580 2534 2651 aptum.

1084 2695 1221 2756 Nec
1262 2693 1465 2756 minue
1504 2709 1569 2755 et
1604 2691 1820 2754 miseri
1859 2687 2112 2753 diversa
2151 2689 2218 2750 in
2263 2701 2447 2772 parte
2488 2681 2704 2744 Latini

986 2811 1355 2876 Innumeras
1392 2830 1685 2875 struxere
1719 2831 1947 2898 pyras,
1989 2825 2052 2870 et
2092 2825 2357 2890 corpora
2391 2801 2630 2888 partim

987 2929 1204 2992 Multa
1243 2926 1449 2994 virum
1492 2947 1696 2992 terrae
1736 2924 2092 3002 infodiunt,
2133 2939 2492 3008 avectaque
2533 2919 2766 3004 partim

990 3048 1329 3109 Finitimoa
1370 3046 1605 3110 tollunt
1648 3050 1714 3110 in
1753 3067 1969 3136 agros,
2006 3042 2286 3131 urbique
2322 3040 2694 3104 remittunt.

986 3165 1243 3240 Cetera,
1286 3160 1714 3253 confusaeque
1751 3167 2076 3254 ingentem
2113 3159 2326 3224 caedis
2363 3179 2692 3233 acervum,

986 3281 1121 3343 Nec
1162 3302 1419 3344 numero
1458 3303 1576 3346 nec
1607 3281 1845 3345 honore
1869 3298 2190 3358 cremant;
2217 3296 2372 3342 tunc
2397 3275 2683 3364 undique
2708 3275 2875 3338 vasti

983 3400 1295 3464 Certatim
1334 3400 1575 3466 crebris
1615 3402 1948 3466 collucent
1989 3398 2248 3492 ignibus
2289 3399 2468 3489 agri.

988 3521 1210 3583 Tertia
1245 3520 1359 3584 lux
1400 3519 1677 3612 gelidam
1719 3519 1902 3586 caelo
1937 3519 2291 3586 dimoverat
2333 3513 2653 3579 umbram:

988 3639 1349 3702 Maerentea
1386 3639 1583 3704 altum
1620 3643 1898 3708 cinerem
1941 3657 2006 3704 et
2047 3634 2315 3703 confusa
2355 3632 2626 3700 ruebant

991 3759 1143 3820 Ossa
1181 3754 1373 3836 focis,
1416 3758 1768 3849 tepidoque
1803 3759 2147 3830 onerabant
2185 3778 2416 3848 aggere
2453 3772 2692 3817 terrae.

901 3931 909 3938 .
989 3877 1120 3941 Iam
1162 3901 1313 3943 vero
1352 3881 1420 3943 in
1462 3883 1689 3959 tectiS,
1730 3879 2114 3968 praedivitis
2154 3875 2314 3942 urbe
2355 3875 2600 3950 Latini,

988 3995 1381 4086 Praecipuus
1421 3993 1670 4089 fragor,
1705 4016 1772 4062 et
1813 3999 1993 4092 longi
2031 4019 2174 4088 pare
2211 3997 2490 4060 maxima
2527 3992 2772 4056 luctus.
