3400 5175
882 612 1344 669 animnos
1407 612 1581 665 mn.
1644 608 1773 665 rx.
1909 616 2068 695 719
2196 618 2340 669 παι

452 748 709 811 ’Portam
748 746 817 809 vi
860 746 1060 811 multa
1100 765 1400 811 converso
1440 744 1698 808 cardine
1739 760 2032 832 torquet,

461 866 748 930 Obnixus
788 864 945 928 latis
984 864 1301 940 humeris,
1340 860 1697 949 multosque
1740 884 1996 926 suorum

460 983 800 1049 Moenibus
840 976 1131 1047 exclusos
1168 983 1329 1047 duro
1368 986 1435 1045 in
1478 984 1826 1045 certamine
1862 982 2145 1071 linquit3

458 1110 569 1167 Ast
610 1104 775 1166 alios
812 1126 1027 1168 secum
1071 1102 1349 1167 includit
1394 1103 1758 1187 recipitque
1796 1118 2082 1183 ruentes:

456 1217 755 1285 Demens!
803 1226 919 1310 qui
964 1222 1277 1286 Rutulum
1314 1226 1381 1285 in
1424 1219 1631 1284 medio
1670 1242 1793 1283 non
1834 1224 2081 1311 agmine
2121 1243 2332 1312 regem

452 1340 707 1404 Viderit
752 1344 1240 1427 irrumpentem,
1270 1342 1585 1431 ultroque
1624 1340 1963 1407 incluserit
2006 1340 2180 1406 urbi:

459 1462 799 1523 Immanem
841 1460 1049 1524 veluti
1085 1480 1321 1551 pecora
1362 1462 1529 1524 inter
1570 1462 1803 1555 inerti-a
1847 1462 2104 1550 tigrim.

454 1582 773 1641 Continuo
816 1602 977 1643 nova
1012 1580 1126 1643 lux
1168 1578 1373 1645 oculis
1412 1576 1695 1656 offulsit,
1736 1596 1800 1641 et
1843 1600 2016 1642 arma

455 1695 851 1761 Horrendum
892 1719 1187 1762 sonuere:
1232 1716 1505 1765 tremunt
1546 1701 1615 1761 in
1656 1701 1900 1762 vertice
1939 1701 2171 1763 cristae

458 1821 893 1907 Sanguineae,
934 1817 1312 1906 clipeusque
1352 1820 1659 1881 micantia
1701 1814 1980 1881 fulmina
2021 1819 2254 1880 mittit.

462 1932 871 2023 Adgnoscunt
910 1930 1133 1998 faciem
1178 1939 1445 2001 invisam
1488 1956 1684 2025 atque
1729 1940 2027 2002 immania
2069 1936 2344 2002 membra

458 2052 725 2117 Turbati
762 2051 979 2117 subito
1028 2054 1385 2119 Aeneadae.
1422 2060 1583 2119 Tum
1626 2056 1948 2120 Pandarus
1985 2060 2206 2149 ingens

460 2174 741 2261 Emicat,
778 2190 841 2234 et
884 2175 1100 2234 mortis
1138 2168 1460 2238 fraternae
1500 2171 1791 2239 fervidus
1831 2178 1927 2239 ira

458 2288 743 2355 Effatur:
788 2294 931 2355 Non
970 2289 1129 2357 haec
1168 2292 1401 2358 dotalis
1442 2296 1623 2384 regia
1666 2300 1972 2391 Amatae,

462 2413 594 2475 Nec
636 2414 834 2475 muris
874 2408 1135 2477 cohibet
1162 2417 1403 2500 ,patriis
1444 2414 1652 2479 media
1694 2412 1896 2478 Ardea
1937 2415 2254 2475 Turnum.

458 2534 673 2596 Castra
710 2534 973 2596 inimica
1014 2532 1221 2599 vides:
1266 2534 1445 2599 nulla
1482 2532 1631 2598 hinc
1674 2535 1856 2596 exire
1899 2552 2207 2620 potestas.

458 2651 585 2714 Olli
626 2651 961 2718 subridens
1004 2653 1224 2718 sedato
1266 2670 1522 2740 pectore
1561 2653 1855 2713 Turnus:

466 2774 717 2858 Incipe,
759 2777 813 2836 si
854 2795 980 2860 qua
1022 2776 1230 2835 animo
1273 2775 1515 2846 virtus,
1552 2787 1615 2832 et
1656 2789 1912 2831 consere
1953 2767 2277 2844 dextram3

465 2891 583 2952 mc
622 2893 813 2952 etiam
860 2893 1193 2954 inventum
1236 2894 1483 2954 Priamo
1522 2886 1814 2952 narrabis
1853 2884 2199 2952 Achillem.

468 3011 771 3072 Dixerat.
816 3007 939 3072 Ille
981 3009 1197 3082 rudem
1242 3009 1421 3074 nodis
1456 3026 1519 3073 et
1560 3009 1800 3072 cortice
1837 3004 2036 3069 crudo

463 3131 801 3215 Intorquet
844 3132 1099 3191 summis
1135 3126 1411 3193 adnixus
1451 3127 1697 3190 viribus
1735 3123 2013 3189 hastam.

458 3249 785 3332 Excepere
826 3268 1021 3310 aurae
1061 3247 1329 3324 vulnus3
1372 3250 1668 3310 Saturnia
1709 3249 1870 3309 Iuno

452 3367 735 3428 Detorsit
782 3369 1078 3444 veniens;
1124 3383 1473 3454 portaeque
1514 3365 1810 3458 infigitur
1849 3363 2064 3429 hasta.

454 3489 534 3546 At
574 3507 695 3548 non
736 3481 858 3548 hoc
900 3483 1132 3563 telum,
1175 3509 1311 3550 mea
1349 3485 1521 3576 quod
1564 3490 1630 3549 vi
1670 3485 1938 3551 dextera
1977 3502 2218 3561 versat,

452 3599 769 3694 Effugies‘3
816 3625 1023 3691 neque
1063 3607 1229 3668 enim
1274 3609 1327 3669 is
1374 3607 1489 3676 teli
1527 3628 1637 3669 nec
1682 3605 1966 3668 vulneris
2009 3621 2265 3667 auctor.

450 3725 555 3786 sic
598 3727 733 3800 ait,
776 3743 839 3787 et
880 3721 1198 3788 sublatum
1241 3725 1373 3789 alte
1414 3727 1744 3814 consurgit
1785 3727 1850 3786 in
1888 3743 2130 3796 ensem,

462 3845 541 3904 Et
582 3843 851 3908 mediam
898 3841 1065 3908 ferro
1106 3849 1357 3936 gemina
1401 3849 1563 3908 iuter
1606 3863 1893 3928 tempora
1935 3837 2202 3902 frontem

452 3961 743 4039 Dividit,
788 3962 1207 4053 impubesque
1248 3968 1500 4028 immani
1544 3961 1808 4028 vulnere
1851 3956 2078 4022 malas.
