3400 5175
1250 654 1691 707 crnrs.
1861 632 2024 736 443
2275 635 2434 711 265

562 792 748 851 Mene
788 789 953 847 inter
993 788 1289 862 comites,
1332 784 1829 873 ancillarumque
1867 806 2190 867 catervas,

566 910 751 967 Mene
793 904 947 965 alias
990 906 1186 979 inter,
1224 901 1599 967 famularum
1638 926 1896 967 munere
1939 903 2162 996 fungi,

564 1026 871 1112 Coniugis
914 1042 1107 1109 atque
1151 1040 1335 1099 tuae,
1376 1042 1818 1109 quaecumque
1855 1027 1976 1087 erit
2019 1024 2132 1089 ina
2170 1024 2388 1104 beata,

562 1146 703 1205 Non
746 1143 933 1205 licuit
977 1140 1271 1231 gravidos
1312 1162 1505 1227 penso
1540 1140 1878 1205 devolvere
1919 1138 2136 1206 fusos?

563 1268 647 1324 At
698 1262 849 1325 beni
890 1262 1109 1323 saitem
1151 1265 1465 1347 captivam
1510 1259 1651 1349 lege
1694 1282 2008 1325 necesses.

564 1385 693 1442 Iam
740 1378 897 1442 fesso
942 1379 1191 1441 tandem
1232 1374 1495 1467 fugiunt
1538 1378 1615 1441 de
1656 1400 1920 1465 corpore
1957 1384 2159 1458 vires,

564 1504 647 1562 Et
688 1516 881 1583 caput
922 1496 1153 1561 inflexa
1196 1498 1431 1561 lentum
1472 1503 1723 1561 cervice
1759 1496 2108 1573 recumbit;

567 1622 917 1681 Marmorea
961 1614 1251 1684 adductis
1294 1614 1625 1678 tabescunt
1671 1612 1928 1677 brachia
1969 1616 2180 1679 nodis.

565 1736 883 1823 Aequorei
928 1737 1193 1821 pristes,
1235 1736 1527 1797 immania
1569 1754 1836 1821 corpora
1877 1739 2056 1822 ponti
2081 1782 2102 1813 ,

567 1852 867 1943 Vndique
905 1855 1328 1929 conveniunt,
1372 1872 1433 1913 et
1476 1849 1706 1941 glauco
1745 1854 1812 1914 in
1851 1856 2110 1943 gurgite
2149 1857 2392 1919 circum

566 1971 837 2037 Verbere
878 1970 1217 2035 caudarum
1260 1988 1457 2057 atque
1497 1973 1625 2033 oris
1668 1974 2044 2036 minitantur
2086 1971 2303 2038 hiatu.

568 2093 701 2153 Iam
747 2091 997 2152 tandem
1042 2112 1223 2153 casus
1264 2086 1623 2165 hominum,
1666 2096 1798 2153 iarn·
1837 2096 2115 2179 respice,
2160 2098 2403 2159 Minos.

572 2214 665 2272 Sit
706 2213 894 2279 satis,
934 2230 1010 2284 ο,
1054 2226 1293 2271 tantum
1332 2208 1523 2270 solam
1566 2207 1802 2272 vidisse
1845 2211 2184 2275 malorum:

574 2328 687 2391 Vel
727 2325 860 2392 fato
901 2325 1093 2392 fuerit
1133 2324 1313 2391 nobis
1353 2324 1507 2389 haec
1547 2325 1762 2389 debita
1807 2333 2036 2413 pestis,

570 2448 689 2510 Vel
732 2470 877 2510 casu
922 2450 1195 2521 incert0,
1238 2448 1463 2507 merita
1502 2446 1603 2507 vel
1644 2446 1920 2533 denique
1961 2448 2182 2534 culpa:

580 2570 803 2630 Omnia
844 2589 979 2628 nam
1026 2570 1268 2652 potius,
1305 2588 1491 2652 quam
1535 2587 1596 2628 te
1633 2565 1926 2644 laesisse,
1967 2566 2243 2653 putab0.

669 2686 936 2750 Labitur
970 2689 1211 2748 interea
1250 2685 1527 2748 resoluta
1567 2683 1645 2747 ab
1682 2685 1871 2746 litore
1905 2684 2154 2764 classis,

576 2809 805 2896 Magna
845 2807 1173 2890 repentino
1215 2806 1545 2866 sinuantur
1583 2803 1778 2865 lintea
1819 2823 2004 2879 σοῖο,

574 2925 891 2988 Flectitur
934 2926 997 2984 in
1036 2921 1231 2986 viridi
1274 2941 1475 2984 remus
1512 2919 1677 2995 sale,
1721 2917 2026 3005 languida
2070 2917 2270 2985 fessae

576 3045 861 3132 Virginis
902 3045 964 3102 in
1004 3063 1191 3104 cursu
1233 3041 1498 3102 moritur
1539 3035 1936 3126 querimonia
1974 3038 2197 3132 longo·

576 3165 821 3224 Deserit
864 3159 1148 3247 angustis
1186 3157 1494 3220 inclusum
1536 3153 1834 3221 faucibus
1873 3155 2198 3239 Isthmon,

576 3277 955 3366 Cypselidae
994 3296 1057 3339 et
1098 3279 1311 3366 magni
1352 3274 1647 3338 florentia
1682 3299 1910 3366 regna,
1956 3280 2368 3364 Corinthum3

576 3399 885 3462 Praeterit
923 3393 1223 3481 abruptas
1262 3397 1539 3458 Scironis
1578 3399 1872 3480 protinus
1911 3419 2114 3478 arces,

577 3513 1013 3602 Infestumque
1046 3517 1177 3576 suis
1213 3511 1387 3575 dirae
1424 3513 1762 3578 testudinis
1797 3517 1934 3578 exit
2013 3495 2016 3498 Δ

580 3635 945 3722 Spelaeum,
990 3632 1317 3719 multoque
1355 3651 1650 3695 cruentas
1690 3631 1944 3718 hospite
1983 3651 2230 3696 cautes.

578 3755 840 3840 Iamque
880 3750 1035 3814 adeo
1077 3767 1287 3812 tutum
1326 3751 1515 3840 longe
1556 3753 1814 3814 Piraeea
1849 3755 2094 3828 cernit,

576 3874 659 3932 Et
702 3891 877 3933 notas
914 3891 1131 3955 saepe,
1174 3865 1299 3932 heu
1342 3865 1609 3932 frustra!
1652 3887 1970 3956 respectat
2013 3865 2328 3935 Athenas.

578 3991 709 4052 Iam
756 3988 977 4076 procul
1015 4011 1050 4052 e
1088 3985 1285 4052 fluctu
1331 3990 1581 4052 Minoia
1618 3989 1882 4074 respicit
1920 4005 2106 4065 arva,
