3400 5175
911 634 1063 717 172
1534 638 1607 693 ι’.
1698 629 2247 696 vrnornrr
2477 617 2638 698 355

993 770 1163 851 Quin
1201 784 1413 833 natam
1452 773 1717 860 egregio
1759 793 1992 862 genero
2029 772 2370 863 dignisque
2410 772 2790 863 hymenaeis

995 890 1119 951 Des
1159 905 1379 975 pater,
1420 908 1484 952 et
1526 912 1746 977 pacem
1787 888 1946 956 hane
1981 910 2238 955 aeterno
2275 889 2533 957 foedere
2573 890 2838 957 firmes.-

990 1005 1176 1087 Quod
1214 1009 1271 1068 si
1310 1022 1524 1072 tantus
1563 1005 1758 1073 habet
1795 1028 2030 1075 mentes
2069 1027 2136 1075 et
2177 1030 2438 1097 pectora
2483 1032 2720 1092 terrorg

994 1128 1209 1211 Ipsum
1252 1123 1674 1205 obtestemur,
1716 1130 2092 1217 veniamque
2126 1150 2372 1193 oremus
2406 1128 2488 1195 ab
2523 1134 2698 1219 ipso:

992 1242 1191 1307 Cedat
1216 1226 1377 1321 ,ius
1420 1249 1746 1333 proprium
1789 1249 1928 1338 regi
1970 1250 2344 1335 patriaeque
2383 1251 2698 1312 remittat.

992 1362 1161 1443 Quid
1202 1366 1460 1427 miseros
1500 1367 1689 1427 toties
1733 1366 1799 1426 in
1841 1382 2066 1451 aperta
2109 1366 2400 1452 pericula
2437 1369 2612 1431 cives

992 1484 1295 1560 Proiicis,
1338 1506 1376 1546 ο
1417 1487 1602 1548 Latio
1650 1500 1846 1570 caput
1887 1481 2110 1549 horum
2151 1501 2214 1547 et
2269 1506 2486 1549 caussa
2531 1478 2873 1549 malorum?

990 1600 1192 1664 Nulla
1228 1597 1396 1665 salus
1435 1601 1644 1668 bello:
1689 1624 1908 1688 pacem
1953 1619 2016 1666 te
2056 1608 2372 1689 poscimus
2409 1625 2652 1680 omnes,

992 1722 1241 1799 Turne3
1280 1720 1469 1785 simul
1512 1724 1685 1809 pacis
1733 1719 1936 1785 solum
1978 1721 2354 1787 inviolabile
2395 1724 2656 1811 pignus.

990 1840 1237 1901 Primus
1276 1859 1432 1929 ego,
1474 1841 1748 1904 invisum
1794 1860 1984 1927 quem
2023 1857 2097 1902 tu
2143 1838 2265 1904 tibi
2305 1838 2524 1930 fingis,
2563 1860 2629 1903 et
2666 1860 2798 1903 esse

994 1954 1107 2018 Nil
1145 1976 1384 2034 moror,
1424 1979 1539 2035 en,
1580 1956 1851 2045 supplex
1894 1959 2116 2021 venio.
2169 1961 2470 2022 Miserere
2511 1976 2796 2037 tuorum3

988 2078 1160 2139 Pone
1198 2077 1476 2153 animos,
1516 2093 1583 2139 et
1622 2076 1846 2163 pulsus
1889 2074 2027 2139 abi.
2077 2080 2190 2140 Sat
2230 2072 2456 2140 funera
2493 2073 2624 2140 fusi

992 2191 1320 2273 =Vidimus,
1363 2197 1656 2287 ingentes
1693 2212 1756 2259 et
1797 2195 2220 2261 desolavimus
2257 2218 2444 2286 agros
2468 2241 2485 2259 .

989 2319 1158 2393 Aut,
1198 2320 1253 2379 si
1290 2312 1459 2381 fama
1501 2336 1745 2397 movet,
1785 2321 1841 2382 si
1884 2334 2131 2381 tantum
2173 2335 2430 2403 pectore
2467 2312 2656 2377 robur

988 2436 1289 2522 Concipis
1310 2483 1329 2514 ‚
1362 2453 1425 2499 et
1468 2440 1522 2500 si
1562 2436 1721 2501 adeo
1757 2436 1990 2503 dotalis
2025 2440 2202 2526 regia
2239 2434 2418 2499 cordi
2455 2451 2586 2511 est;

982 2550 1203 2629 Ande,
1244 2571 1439 2641 atque
1480 2552 1815 2620 adversum
1858 2553 2054 2621 fidens
2103 2550 2202 2620 fer
2239 2571 2458 2642 pectus
2499 2554 2564 2616 in
2605 2546 2874 2616 hostem.

990 2672 1283 2751 Scilicet,
1325 2693 1397 2737 ut
1439 2677 1657 2737 Turno
1698 2679 2036 2766 contingat
2073 2678 2254 2765 regia
2291 2675 2564 2748 coniux,

988 2791 1121 2855 Nos
1162 2794 1407 2856 animae
1446 2793 1645 2872 viles,
1687 2790 2026 2857 inhumata
2062 2787 2412 2877 infletaque
2455 2784 2678 2864 turba,

990 2913 1359 2996 sternamur
1397 2915 1669 2999 campis.
1713 2916 1793 2975 Et
1839 2913 1960 2972 iam
2003 2926 2110 2985 tu,
2151 2909 2204 2971 si
2244 2930 2372 2997 qua
2415 2905 2538 2970 tibi
2581 2906 2717 2982 vis,

988 3029 1057 3090 Si
1101 3031 1295 3114 patrii
1334 3029 1497 3117 quid
1540 3032 1771 3106 Martis
1812 3027 2045 3105 habes,
2081 3026 2260 3090 illam
2298 3025 2550 3112 adspice
2589 3041 2838 3098 contra,
2867 3047 2890 3064 ν

989 3149 1114 3226 Qui
1154 3165 1417 3210 vocat.-

1086 3262 1353 3328 Talibus
1388 3269 1626 3330 exarsit
1666 3265 1862 3331 dictis
1901 3263 2212 3330 violentia
2252 3264 2486 3326 Turni:

991 3385 1115 3445 Dat
1158 3386 1499 3472 gemitum,
1538 3388 1909 3474 rumpitque
1946 3382 2056 3448 hs:
2091 3386 2218 3446 imo
2257 3399 2516 3470 pectore
2555 3399 2776 3446 voces:

991 3505 1200 3592 Larga
1240 3503 1534 3591 quidem,
1575 3507 1858 3580 Drance,
1895 3524 2139 3588 semper
2176 3499 2300 3566 tibi
2335 3499 2522 3587 copia
2557 3496 2735 3564 fandi
2759 3543 2778 3576 ,

990 3623 1153 3685 Tum
1180 3643 1379 3710 quum
1408 3621 1579 3688 bella
1608 3645 1829 3687 manus
1858 3639 2159 3710 poscunt;
2183 3620 2602 3708 patribusque
2629 3619 2878 3685 vocatis

994 3743 1241 3806 Primus
1278 3741 1457 3806 ades.
1501 3739 1623 3806 Sed
1666 3765 1790 3806 non
1833 3739 2140 3828 replenda
2177 3755 2272 3804 est
2315 3742 2496 3804 curia
2541 3737 2783 3816 verbis,

992 3864 1171 3940 Quae
1212 3877 1356 3924 tuto
1396 3859 1518 3926 tibi
1560 3881 1786 3952 magna
1830 3859 2050 3926 volant
2076 3906 2095 3937 ,
2133 3859 2286 3923 dum
2327 3856 2593 3921 distinet
2635 3855 2879 3921 hostem

993 3981 1211 4070 Agger
1252 3998 1608 4056 murorum,
1654 3999 1768 4042 nee
1805 3979 2120 4046 inundant
2153 3979 2462 4070 sunguine
2507 3973 2706 4042 fossae
2729 3997 2770 4037 0»
