3400 5175
946 582 1107 659 266
1717 611 2164 667 crnrs.
2331 613 2486 695 471

1034 743 1486 831 Florentesque
1512 743 1689 807 videt
1719 748 1842 807 iam
1869 742 2186 832 Cycladas
2212 740 2362 809 hinc
2391 748 2832 839 Sporadasque
2851 798 2870 829 ,

1036 865 1275 924 Sunion
1314 858 1501 936 hinc;
1542 864 1740 925 statio
1779 882 2002 926 contra
2041 880 2216 949 patet
2259 868 2670 933 Hermionen.

1038 982 1382 1067 Linquitur
1424 998 1570 1041 ante
1606 980 1766 1043 alias
1809 980 1996 1071 longe
2033 985 2400 1073 gratissima
2439 985 2632 1049 Delos

1036 1100 1380 1165 Nereidum
1422 1103 1603 1164 matri
1644 1120 1709 1163 et
1754 1102 2054 1187 Neptuno
2091 1108 2374 1193 Aegaeo-

1034 1222 1350 1305 Prospicit
1394 1222 1736 1284 incinctam
1777 1225 2096 1307 spumanti
2133 1222 2325 1303 litore
2365 1219 2703 1308 Cythnon‚

1034 1343 1577 1427 Marmoreamque
1620 1344 1818 1403 Paron
1850 1340 2247 1427 viridemque
2269 1338 2534 1426 adlapsa
2563 1344 2912 1415 Donusam,

990 1434 993 1437 ⁴
1036 1464 1481 1555 Aegiliamque
1520 1464 1745 1539 simul,
1785 1457 2394 1549 serpentiferamque
2433 1456 2802 1545 Seriphum.

1035 1586 1298 1658 Fertur,
1338 1602 1403 1647 et
1446 1585 1704 1646 incertis
1742 1585 2019 1643 iactatur
2059 1578 2138 1643 ad
2175 1582 2386 1642 omnia
2425 1582 2668 1641 ventis:

1034 1700 1277 1789 Cymba
1312 1699 1489 1763 velut
1520 1722 1770 1790 magnas
1801 1704 2090 1787 sequitur
2119 1720 2314 1785 quum
2347 1696 2618 1783 parvula
2641 1696 2870 1759 classes
2891 1742 2911 1771 ,

1040 1816 1193 1883 Afer
1228 1836 1300 1883 ut
1344 1816 1611 1883 hiberno
1652 1817 2002 1883 bacchatur
2039 1822 2104 1881 in
2143 1839 2418 1905 aequore
2463 1814 2684 1881 turbo.

1039 1942 1252 2001 Donec
1298 1940 1425 2002 tale
1462 1938 1658 2003 decus
1698 1935 1932 2003 formae
1973 1944 2270 2002 venriet
2312 1958 2540 2027 aegrae

1010 2058 1179 2123 'Non
1220 2057 1406 2135 tulit,
1446 2076 1511 2121 et
1556 2061 1812 2121 miseros
1853 2060 2127 2121 mutavit
2169 2060 2438 2145 virginis
2477 2074 2696 2131 artus,

1030 2176 1336 2240 Caeruleo
1376 2176 1619 2263 pollens
1658 2180 1896 2240 coniux
1940 2178 2262 2263 Neptunia
2302 2198 2528 2265 regne.

1036 2296 1157 2359 Sed
1202 2315 1407 2359 tamen
1450 2315 1513 2359 et
1556 2296 1784 2387 rigidis
1823 2300 2100 2384 squamis
2142 2300 2373 2359 vestire
2415 2295 2727 2381 puellam,

1032 2411 1393 2503 Infidosque
1432 2418 1597 2479 inter
1636 2434 1912 2480 teneram
1953 2418 2344 2480 committere
2385 2420 2588 2502 pisces

1029 2535 1170 2598 Nou
1204 2536 1463 2598 statuit.
1510 2538 1786 2600 Nimium
1817 2555 1908 2601 est
1943 2535 2200 2600 avidum
2229 2557 2419 2624 pecus
2451 2534 2902 2624 Amphitrites.

1030 2657 1239 2717 Aeriis
1278 2658 1487 2740 potius
1527 2655 1850 2720 sublimem
1890 2657 2150 2720 sustulit
2195 2655 2344 2732 alis,

1031 2777 1208 2837 Esset
1250 2791 1323 2836 ut
1364 2779 1431 2838 in
1471 2780 1657 2840 terris
1695 2771 1852 2848 facti
1889 2774 1970 2839 de
2007 2779 2254 2839 nomine
2295 2777 2495 2852 Ciris,

1028 2895 1197 2958 Ciris
1242 2895 1620 2983 Amyclaeae
1660 2891 1991 2958 formosior
2033 2915 2250 2958 ansere
2287 2891 2520 2958 Ledae.

1026 3013 1121 3074 Ac
1160 3011 1343 3074 velut
1384 3015 1449 3074 in
1492 3016 1677 3076 niveo
1719 3030 1972 3077 tenerae
2009 3035 2206 3102 quum
2247 3016 2544 3100 primitus
2581 3035 2704 3075 ovo

1028 3123 1287 3218 Effigies
1326 3133 1665 3194 animantis
1702 3149 1766 3194 et
1807 3133 2165 3198 internodia
2205 3131 2494 3196 membris

1028 3244 1409 3332 Imperfecta
1446 3259 1619 3320 novo„
1646 3247 1898 3316 fluitant
1939 3269 2254 3318 concreta*
2279 3250 2528 3326 colore;

1026 3369 1131 3430 Sic
1172 3365 1425 3454 liquido
1468 3369 1728 3458 Scyllae
1767 3367 2220 3436 circumfusum
2259 3391 2532 3458 aequore
2572 3390 2805 3455 corpus

1024 3479 1316 3547 Semiferi
1357 3488 1620 3550 incertis
1658 3491 1849 3554 etiam
1893 3513 2056 3556 nunc
2099 3489 2390 3578 partibus
2427 3509 2604 3550 artus
2727 3512 2734 3520 ·

1020 3604 1319 3693 Vndique
1362 3607 1728 3686 mutabant,
1768 3631 1961 3698 atque
1999 3607 2285 3697 undique
2327 3607 2772 3671 mutabantur.

1022 3726 1163 3787 Oris
1204 3723 1397 3788 honos
1437 3729 1737 3812 primum,
1778 3747 1842 3791 et
1880 3727 2098 3792 multis
2139 3745 2361 3814 optata
2399 3725 2676 3802 labella,

988 3847 1101 3905 'Et
1151 3846 1401 3928 patulae
1438 3841 1661 3910 frontis
1702 3853 1987 3934 species,
2028 3869 2432 3912 concrescere
2473 3849 2536 3908 in
2581 3868 2776 3908 unum

1022 3963 1335 4050 Coepere,
1372 3985 1435 4030 et
1480 3968 1708 4057 gracili
1751 3986 2024 4032 mentum
2070 3967 2418 4056 producere
2459 3981 2696 4044 rostro.
