3400 5175
906 624 1059 703 170
1519 622 1594 677 Ρ.
1676 622 2228 677 VIRGILII
2481 626 2642 707 299

990 756 1383 842 Vicinaeque
1424 748 1702 817 fremunt
1745 757 1921 839 ripae
1957 746 2428 841 crepitantibus
2466 758 2682 823 undis.

988 880 1077 939 Vt
1118 878 1391 961 primum
1432 874 1672 961 placati
1712 874 1944 951 animi,
1991 889 2056 935 et
2099 874 2353 961 trepida
2385 898 2497 940 ora
2532 880 2874 968 quierunt,
2963 964 2976 975 .

987 990 1321 1057 Praefatus
1360 992 1542 1058 divos
1582 994 1742 1055 solio
1783 1008 1895 1055 rex
1933 990 2074 1057 infit
2115 991 2200 1059 ab
2241 994 2414 1058 alto:

1084 1118 1255 1175 Ante
1292 1110 1593 1201 equidem
1630 1132 1870 1174 summa
1909 1110 1990 1175 de
2031 1133 2100 1176 re
2133 1117 2466 1190 statuisse,
2506 1115 2764 1189 Latini,

986 1232 1069 1293 Et
1106 1220 1368 1309 vellem,
1410 1250 1473 1295 et
1512 1226 1720 1293 fuerat
1765 1229 2030 1309 melius;
2075 1253 2196 1295 non
2235 1252 2519 1318 tempore
2559 1232 2678 1297 ta'li

984 1352 1229 1439 Cogere
1268 1351 1645 1426 concilium,
1684 1371 1884 1445 quum
1933 1364 2144 1413 muros
2185 1350 2436 1415 adsidet
2470 1348 2702 1415 hostis.

984 1470 1231 1533 Bellum
1272 1474 1740 1557 importunum,
1781 1469 1988 1545 cives,
2029 1490 2178 1531 cum
2217 1486 2409 1559 gente
2445 1468 2706 1533 deorum

978 1592 1381 1679 Invictisque
1418 1592 1577 1653 viris
1628 1590 1938 1679 gerimus,
1981 1608 2146 1673 quos
2183 1585 2366 1649 nulla
2403 1581 2688 1677 fatigant

982 1708 1266 1786 Proelia,
1308 1730 1421 1773 nec
1458 1710 1621 1773 victi
1663 1722 1928 1793 possunt
1970 1702 2280 1769 absistere
2317 1700 2520 1768 ferro.

982 1828 1205 1913 Spem,
1246 1830 1302 1889 si
1340 1849 1531 1915 quam
1568 1826 1836 1891 adscitis
1867 1820 2160 1889 Aetolum
2190 1822 2509 1889 habuistis
2545 1824 2614 1886 in
2641 1824 2865 1903 armis,

981 1946 1232 2023 Ponite;
1258 1966 1397 2033 spes
1420 1946 1547 2011 sibi
1573 1949 1870 2035 quisque:
1899 1939 2011 2010 sed
2027 1940 2221 2020 haec,
2239 1964 2430 2031 quam
2459 1959 2756 2033 angusta,
2781 1942 3064 2007 videtis.

978 2068 1207 2130 Cetera
1243 2086 1375 2154 qua
1414 2086 1624 2129 rerum
1668 2067 1914 2128 iaceant
1954 2060 2250 2152 perculsa
2293 2064 2512 2138 ruina,

974 2187 1147 2249 Ante
1182 2181 1401 2247 oculos
1439 2184 1740 2271 interque
1781 2204 2002 2247 manus
2041 2198 2188 2245 sunt
2229 2184 2442 2246 omnia
2483 2198 2757 2245 vestras.

976 2303 1111 2366 Nec
1151 2323 1537 2389 quemquam
1576 2302 1831 2367 incuso.
1875 2303 2095 2365 Potuit
2135 2322 2300 2390 quae
2340 2300 2618 2387 plurima
2651 2302 2862 2365 virtus

974 2422 1159 2499 Esse,
1198 2416 1361 2484 fuit.
1402 2424 1569 2484 Toto
1610 2438 1926 2484 certatum
1967 2437 2065 2485 est
2103 2441 2368 2507 corpore
2409 2422 2625 2510 regni.

973 2542 1161 2604 Nunc
1196 2539 1387 2620 adeo,
1426 2562 1591 2630 quae
1629 2540 1715 2604 sit
1755 2536 1994 2606 dubiae
2032 2542 2352 2606 sententia
2387 2541 2618 2616 menti,

972 2659 1358 2746 Expediam,
1397 2679 1464 2724 et
1502 2661 1756 2747 paucis,
1797 2662 2039 2725 animos
2077 2659 2417 2738 adhibete,
2459 2657 2740 2726 docebo.

970 2779 1087 2842 Est
1132 2781 1433 2868 antiquus
1472 2801 1623 2870 ager
1662 2780 1874 2842 Tusco
1907 2774 2068 2842 mihi
2103 2781 2428 2866 proximus
2466 2780 2674 2855 amni,

973 2901 1231 2988 Longus
1269 2902 1337 2963 in
1375 2921 1704 2976 occasum,
1741 2895 1893 2962 fines
1933 2919 2123 2984 super
2161 2920 2366 2986 usque
2403 2899 2694 2975 Sicanos,

969 3019 1265 3086 Aurunci
1298 3018 1657 3106 Rutulique
1695 3034 1948 3092 serunt,
1990 3035 2056 3080 et
2097 3037 2346 3080 vomere
2385 3017 2578 3080 duros

970 3137 1289 3198 Exercent
1326 3132 1558 3214 colles,
1595 3152 1789 3224 atque
1830 3135 2058 3202 horum
2097 3142 2439 3226 asperrima
2479 3157 2780 3224 pascunt.

968 3254 1145 3316 Haec
1184 3255 1385 3317 omnis
1420 3257 1634 3344 regio,
1675 3274 1741 3318 et
1780 3257 1938 3321 celsi
1979 3257 2174 3348 plaga
2217 3260 2403 3345 pinea
2446 3262 2715 3336 montis,

970 3368 1171 3432 Cedat
1209 3371 1540 3435 amicitiae
1580 3375 2008 3454 Teucrornm;
2051 3394 2114 3440 et
2153 3373 2424 3442 foederis
2462 3400 2694 3465 aequas

971 3491 1274 3553 Dicamus
1307 3488 1517 3582 leges,
1558 3497 1896 3581 sociosque
1933 3498 1998 3557 in
2039 3518 2234 3588 regua
2273 3519 2609 3562 vocemus:

966 3607 1352 3687 considant,
1392 3615 1445 3675 si
1491 3631 1704 3676 tantus
1743 3637 1953 3693 amor,
1995 3634 2058 3679 et
2102 3619 2350 3680 moenia
2387 3616 2700 3681 condant.

962 3731 1077 3794 Sin
1118 3729 1280 3794 alios
1318 3727 1469 3794 fines
1510 3732 1829 3820 aliamque
1869 3755 2194 3820 capessere
2235 3753 2488 3826 gentem

964 3851 1074 3912 Est
1110 3851 1390 3928 animus,
1434 3871 1834 3940 poscuntque
1872 3855 2006 3917 solo
2045 3853 2359 3919 decedere
2405 3875 2657 3939 nostro;

961 3967 1067 4032 Bis
1104 3967 1297 4036 denas
1332 3971 1503 4036 Italo
1546 3989 1834 4038 texamus
1871 3972 2100 4040 robore
2135 3996 2328 4039 naves
2350 4022 2369 4053 ,
