3400 5175
874 622 1336 677 AENEIDOS
1401 622 1575 675 mn.
1652 622 1740 677 x.
1875 598 2033 677 333
2177 602 2331 706 139

460 756 719 825 Ossibus
757 752 1155 819 haerentem.
1196 760 1393 836 Quem
1434 776 1553 817 non
1596 777 1785 843 super
1809 774 2082 845 occupat
2113 759 2310 826 Hisbo
2333 808 2352 844 ,

458 878 580 941 Ille
616 875 873 965 quidem
920 874 1041 941 hoc
1082 896 1375 961 sperans:
1419 896 1560 939 nam
1601 874 1810 939 Pallas
1849 896 1996 940 ante
2035 900 2358 959 ruentem,

458 1000 623 1059 Dum
661 992 855 1071 furit,
896 998 1225 1061 incautum
1266 994 1514 1059 crudeli
1558 1014 1758 1059 morte
1795 996 2072 1075 sodalis,

454 1116 760 1201 Excipit,
804 1134 1005 1200 atque
1046 1136 1251 1177 ensem
1294 1114 1538 1179 tumido
1574 1118 1639 1178 in
1682 1116 1974 1201 pulmone
2014 1092 2339 1184 recondit.

452 1236 619 1297 Hinc
657 1230 1031 1296 Sthenelum
1070 1234 1273 1317 petit,
1316 1252 1381 1298 et
1424 1232 1663 1298 Rhoeti
1705 1233 1782 1298 de
1823 1256 2015 1325 gente
2056 1256 2308 1303 vetusta

454 1350 945 1425 Anchemolum,
982 1348 1298 1415 thalamos
1340 1370 1553 1411 ausum
1600 1352 1910 1413 incestare
1949 1374 2294 1419 novercae.

456 1474 579 1533 Vos
620 1472 809 1534 etiam
850 1472 1089 1559 gemini
1126 1470 1392 1533 Rutulis
1430 1468 1756 1532 cecidistis
1797 1472 1860 1533 in
1905 1474 2108 1551 arvis,

456 1592 736 1666 Daucia,
770 1587 1003 1653 Laride
1044 1586 1536 1679 Thymberque,
1574 1588 1900 1653 simillima
1941 1590 2185 1677 proles,

453 1708 805 1773 Indiacreta
844 1711 1009 1784 suis,
1050 1724 1403 1798 gratusque
1442 1709 1816 1797 parentibus
1855 1732 2064 1789 error余

458 1833 539 1891 At
582 1852 751 1893 nunc
793 1828 955 1893 dura
994 1825 1177 1891 dedit
1214 1827 1399 1891 vobis
1439 1828 1806 1893 discrimina
1849 1829 2086 1892 Pallas:

456 1952 613 2013 Nam
654 1944 781 2011 tibi
802 1994 819 2024 ,
858 1944 1219 2035 Thymbre,
1256 1964 1449 2033 caput
1478 1944 1838 2011 Euandrius
1863 1946 2130 2012 abstulit
2156 1952 2356 2030 ensis3

466 2070 553 2130 Te
594 2067 807 2131 decisa
846 2088 1061 2143 suum,
1104 2064 1375 2144 Laride,
1414 2064 1681 2131 dextera
1719 2070 2014 2155 quaerit余

464 2188 999 2271 Semianimesque
1040 2188 1278 2251 micant
1316 2184 1549 2277 digiti,
1576 2182 1944 2273 ferrumque
1971 2204 2357 2252 retractant.

464 2304 742 2369 Arcadas
785 2324 1081 2368 accensos
1114 2307 1393 2383 monitu,
1436 2324 1501 2369 et
1544 2305 1866 2393 praeclara
1907 2324 2162 2370 tuentes

460 2426 655 2487 Facta
695 2425 859 2501 viri,
900 2424 1141 2487 mixtus
1172 2421 1357 2487 dolor
1394 2442 1457 2487 et
1496 2423 1701 2511 pudor
1737 2442 1936 2489 armat
1976 2428 2040 2489 in
2084 2422 2326 2491 hostes.

458 2544 614 2610 Tum
656 2541 895 2620 Pallas,
934 2542 1176 2633 biiugis
1213 2540 1563 2636 fugientem
1606 2542 1898 2609 Rhoetea
1926 2565 2180 2632 praeter

454 2665 763 2728 Traiicit.
808 2667 945 2728 Hoc
984 2668 1297 2753 spatium,
1337 2683 1710 2750 tantumque
1751 2687 1960 2727 morae
1997 2662 2126 2729 fuit
2171 2666 2311 2745 Ilo余

454 2783 551 2847 110
594 2805 869 2872 namque
912 2785 1137 2870 procul
1174 2783 1451 2850 validam
1492 2782 1810 2847 direxerat
1853 2780 2128 2848 hastam:

452 2905 649 2994 Quam
688 2902 935 2968 medius
974 2901 1301 2967 Rhoeteus
1339 2905 1708 2990 intercipit,
1747 2904 1990 2988 optime
2029 2899 2349 2984 Teuthra,

454 3023 545 3085 Te
582 3019 869 3112 fugiens,
910 3018 1300 3112 fratremque
1340 3027 1598 3112 Tyren3
1637 3045 1964 3112 curruque
2001 3023 2264 3089 volutus

454 3140 679 3206 Caedit
722 3142 1107 3206 semianimis
1147 3142 1532 3208 Rutulorum
1572 3141 1869 3207 calcibus
1901 3165 2083 3209 arva.

452 3266 543 3326 Ac
582 3261 800 3337 velut,
841 3279 1065 3348 optato
1102 3266 1315 3328 ventis
1354 3281 1599 3330 aestate
1636 3268 1910 3343 coortis,

452 3381 747 3468 Dispersa
786 3383 1081 3454 immittit
1120 3383 1303 3448 silvis
1343 3383 1640 3450 incendia
1680 3401 1939 3470 pastor余

450 3501 775 3587 correptis
812 3499 1027 3566 subito
1064 3503 1319 3583 mediis,
1360 3505 1735 3570 extenditur
1772 3525 1914 3567 una.

450 3620 730 3685 Horrida
772 3644 883 3708 per
922 3624 1083 3695 latos
1120 3627 1291 3691 acies
1332 3625 1649 3690 Vulcania
1683 3643 1968 3708 campos:

450 3738 573 3802 Ille
612 3739 835 3805 sedens
874 3731 1085 3808 victor
1128 3742 1405 3808 flammas
1444 3743 1778 3832 despectat
1818 3759 2114 3805 ovantes:

452 3861 595 3964 an
636 3861 829 3924 aliter
868 3859 1103 3927 sociiim
1147 3868 1350 3928 virtus
1392 3868 1525 3929 coit
1568 3865 1768 3927 omnis
1803 3863 1870 3924 in
1912 3877 2139 3934 uuum,

452 3967 674 4067 Teque
710 3983 933 4062 iuvat,
976 3983 1186 4050 Palla.
1226 3985 1349 4048 Sed
1390 3981 1583 4048 bellis
1621 4002 1769 4047 acer
1811 3977 2116 4042 Halaesus
