3400 5175
822 664 1289 721 Austrnos
1356 666 1528 719 ΜΒ.
1600 668 1727 721 rx.
1840 643 2004 749 495
2129 646 2278 725 113

420 802 555 867 Hoc
596 798 751 865 fletu
792 801 1085 864 concussi
1129 802 1355 875 animi,
1402 818 1812 887 maestusque
1855 824 1962 887 per
2000 823 2210 865 omnen

426 920 487 981 It
527 920 839 1007 gemitum
878 934 1136 1005 torpent
1174 914 1489 982 infractae
1530 920 1609 981 ad
1655 921 1898 1007 proelia
1939 923 2136 985 vires.

432 1036 613 1101 Illam
656 1035 1100 1101 incendentem
1140 1036 1355 1100 luctus
1396 1038 1621 1102 Idaeus
1660 1056 1720 1102 et
1767 1044 1992 1121 Actor,

430 1156 659 1217 Ilionei
705 1161 951 1218 monitu
993 1174 1057 1219 et
1100 1156 1367 1219 multum
1408 1158 1820 1247 lacrymantis
1863 1159 2022 1237 Iuli,

428 1278 835 1361 Corripiunt,
880 1279 1177 1365 interque
1219 1299 1431 1341 manus
1472 1279 1589 1343 sub
1631 1299 1801 1341 tecta
1843 1296 2185 1365 reponunt.

530 1398 609 1455 At
654 1390 815 1458 tuba
858 1394 1211 1459 terribilem
1252 1401 1523 1459 sonitum
1571 1398 1794 1483 procul
1836 1420 1978 1461 aere
2017 1419 2245 1461 canoro

434 1516 799 1599 Increpuit.
838 1518 1144 1602 Sequitur
1178 1516 1451 1592 clamor,
1496 1516 1876 1605 caelumque
1921 1520 2226 1607 remugit.

431 1634 811 1697 Accelerant
854 1652 995 1697 acta
1036 1638 1279 1721 pariter
1317 1636 1642 1697 testudine
1686 1636 1944 1713 Volsci3

434 1756 511 1815 Et
552 1750 749 1817 fossas
788 1752 1049 1839 implere
1092 1776 1355 1843 parant,
1398 1776 1471 1816 ac
1510 1750 1746 1816 vellere
1780 1752 2056 1818 vallum.

434 1878 759 1953 Quaerunt
802 1895 945 1957 pars
982 1873 1261 1951 aditum,
1304 1893 1365 1937 et
1408 1872 1595 1936 scalis
1632 1872 2008 1939 adscendere
2050 1896 2291 1954 muron

436 1999 569 2074 Qua
611 2016 758 2057 rara
801 2012 896 2059 est
939 1996 1140 2065 acies,
1178 1990 1655 2079 interlucetque
1692 2015 1922 2058 corona

436 2119 575 2179 Non
616 2135 749 2179 tam
790 2118 991 2200 spissa
1032 2114 1221 2177 viris.
1262 2112 1555 2175 Telorum
1600 2110 1926 2178 effundere
1965 2132 2190 2179 contra

430 2242 632 2299 Omne
672 2257 875 2326 genus
914 2234 1185 2309 Teucri,
1226 2254 1295 2295 ac
1338 2230 1515 2293 duris
1557 2230 1896 2299 detrudere
1937 2238 2176 2314 contis,

436 2356 707 2421 Adsueti
753 2355 945 2447 longo
984 2374 1193 2417 muros
1234 2347 1570 2416 defendere
1613 2352 1818 2417 bello.

434 2481 597 2540 Saxa
641 2498 899 2563 quoque
938 2470 1169 2538 infesto
1208 2471 1553 2537 volvebant
1598 2475 1910 2559 pondere,
1951 2478 2001 2538 si
2051 2499 2179 2563 qua

440 2601 697 2660 Possent
724 2616 961 2659 tectam
988 2599 1184 2660 aciem
1210 2615 1648 2679 perrumpere:
1668 2619 1862 2681 quum
1891 2614 2100 2659 tamen
2122 2619 2342 2660 omnes

442 2719 629 2779 Ferre
671 2717 849 2778 iuvat
896 2715 1113 2779 subter
1154 2713 1345 2778 densa
1390 2713 1714 2776 testudine
1755 2737 1968 2778 casus.

439 2839 571 2899 Nec
601 2839 721 2908 iam
752 2831 1109 2898 sufficiunt:
1140 2857 1311 2910 nam,
1334 2811 1467 2920 ‘qua
1504 2831 1730 2922 globus
1759 2837 2042 2896 imminet
2083 2834 2336 2924 ingene,

442 2959 780 3018 Immunem
824 2957 1055 3018 Teucri
1102 2953 1323 3018 molem
1368 2952 1770 3040 volvuntque
1815 2970 2175 3040 ruuntque3

442 3077 615 3155 Quae
655 3077 888 3137 stravit
929 3073 1204 3136 Rutulos
1240 3073 1407 3148 late,
1451 3093 1900 3159 armorumque
1938 3071 2197 3136 resolvit

452 3197 799 3284 Tegmina.
848 3196 977 3256 Nec
1020 3209 1245 3256 curant
1291 3215 1481 3256 caeco
1516 3191 1900 3255 contendere
1939 3213 2138 3256 marte

450 3314 741 3400 Amplius
780 3313 1049 3377 audaces
1092 3315 1358 3392 Rutuli,
1398 3311 1505 3376 sed
1548 3313 1788 3400 pellere
1829 3313 1999 3377 vallo

450 3433 809 3498 Missilibus
846 3449 1133 3496 certant.

455 3557 638 3617 Parte
684 3553 811 3616 alia
851 3549 1203 3616 horrendus
1244 3554 1381 3616 visu
1424 3551 1770 3640 quassabat
1811 3555 2146 3616 Etruscam

456 3675 709 3748 Pinum,
750 3689 813 3734 et
854 3667 1186 3734 fumiferos
1224 3670 1415 3737 infert
1454 3675 1815 3736 Mezentius
1857 3674 2069 3760 ignea:
2177 3651 2204 3679 ⁰

456 3795 537 3854 At
572 3795 908 3876 Messapus
948 3787 1180 3878 equum
1222 3791 1528 3868 domitor,
1574 3793 1902 3878 Neptunia
1943 3789 2188 3876 proles,

454 3908 777 3973 Rescindit
818 3908 1095 3988 vallum,
1136 3929 1197 3974 et
1233 3914 1437 3978 scalas
1478 3915 1541 3975 in
1584 3915 1832 3974 moenia
1873 3911 2128 3996 poscit.

550 4033 703 4107 Vos,
748 4050 786 4092 o
827 4030 1154 4121 Calliope,
1194 4053 1451 4119 precor,
1490 4029 1814 4116 adspirate
1854 4030 2156 4166 canentsiss
