3400 5175
1052 631 1201 709 128
1669 646 1746 704 ι».
1829 646 2370 703 vraornrr
2691 626 2796 729 75

1136 788 1549 861 Nascentem2
1582 799 1648 844 et
1691 784 1899 868 patria
1939 782 2224 843 Turnum
2263 781 2610 843 consistere
2655 796 2858 861 terra,

1140 906 1263 965 Cui
1302 902 1629 966 Pilumnus
1666 924 1849 977 avus,
1891 901 2000 963 cui
2035 898 2187 963 diva
2227 900 2481 963 Venilia
2521 919 2746 965 mater.

1140 1021 1309 1103 Quid
1350 1019 1486 1086 face
1528 1024 1832 1083 Troianos
1873 1034 2016 1081 atra
2047 1023 2174 1083 vim
2216 1017 2381 1084 ferre
2425 1014 2716 1085 Latinis?

1143 1147 1315 1204 Arva
1356 1140 1567 1203 aliena
1604 1144 1758 1230 iugo
1799 1130 2114 1224 prement,
2155 1157 2356 1227 atque
2393 1158 2683 1203 avertere
2725 1130 3042 1225 praedas?

1142 1259 1313 1341 Quid
1353 1282 1597 1323 soceros
1633 1258 1884 1350 legere,
1921 1273 1988 1321 et
2028 1261 2288 1348 gremiis
2325 1258 2642 1323 abducere
2679 1254 2944 1346 pactas?

1143 1384 1367 1444 Pacem
1406 1401 1583 1443 orare
1625 1402 1842 1457 manu,
1887 1376 2231 1468 praefigere
2271 1378 2600 1465 puppibus
2640 1370 2850 1441 arma?

1141 1502 1240 1562 Tu
1286 1518 1465 1583 potes
1508 1503 1762 1560 Aenean
1809 1495 2096 1562 manibus
2137 1496 2489 1563 subducere
2528 1495 2822 1575 Graifim,

1141 1620 1391 1705 Proque
1426 1621 1568 1680 viro
1610 1616 1904 1680 nebulam
1943 1636 2008 1679 et
2047 1637 2270 1681 ventos
2308 1616 2654 1681 obtendere
2693 1620 2956 1693 inanes;

1144 1739 1227 1799 Et
1266 1755 1445 1823 potes
1484 1738 1549 1798 in
1586 1736 1852 1799 totidem
1893 1736 2154 1799 classem
2193 1754 2562 1801 convertere
2603 1734 2944 1823 nymphas:

1030 1924 1042 1933 ,
1140 1858 1273 1919 Nos
1312 1854 1565 1944 aliquid
1610 1856 1889 1919 Rutulos
1929 1876 2154 1919 contra
2197 1860 2466 1933 iuvisse,
2513 1852 2847 1919 nefandum
2885 1846 3024 1918 est?

1142 1978 1386 2036 Aeneas
1422 1977 1682 2063 ignarus
1723 1973 1927 2039 abest:
1975 1980 2238 2065 ignarus
2271 1994 2336 2039 et
2379 1970 2578 2039 absit.

1141 2095 1254 2154 Est
1294 2090 1580 2181 Paphus,
1621 2093 2028 2182 Idaliumque
2069 2094 2232 2173 tibi,
2274 2114 2420 2157 sunt
2461 2095 2592 2158 alta
2627 2092 2949 2185 Cythera.

1140 2210 1311 2292 Quid
1350 2210 1681 2302 gravidam
1727 2211 1914 2277 bellis
1949 2213 2165 2279 urbem
2207 2235 2270 2279 et
2313 2215 2506 2279 corda
2545 2238 2762 2302 aspera
2784 2205 3037 2279 tentas?

1141 2334 1351 2394 Nosne
1392 2328 1515 2395 tibi
1554 2328 1758 2395 fluxas
1802 2332 2125 2426 Phrygiae
2166 2358 2264 2399 res
2303 2354 2552 2398 vertere
2590 2331 2788 2399 fundo

1142 2441 1504 2515 Conamur?
1544 2444 1696 2514 nos?
1727 2474 1806 2515 an
1849 2459 2104 2519 miseros
2143 2456 2260 2543 qui
2297 2458 2494 2517 Troas
2537 2450 2808 2517 Achivis

1139 2566 1439 2638 obiecit?
1480 2597 1647 2661 quae
1686 2597 1907 2638 caussa
1947 2570 2074 2639 fuit
2115 2597 2498 2666 consurgere
2537 2575 2601 2636 in
2636 2594 2808 2636 arma

1135 2694 1581 2781 Europamque
1620 2695 1995 2782 Asiamque,
2037 2713 2100 2758 et
2142 2693 2402 2760 foedera
2443 2693 2688 2757 solvere
2726 2683 2950 2755 furto?

1141 2814 1250 2874 Me
1288 2811 1447 2876 duce
1486 2811 1843 2876 Dardanius
1880 2819 2172 2903 Spartam
2210 2817 2608 2905 expugnavit
2650 2803 2941 2876 adulter?

1136 2933 1271 2992 Aut
1312 2951 1433 3022 ego
1475 2931 1607 2994 tela
1643 2932 1828 3011 dedi,
1869 2931 2089 2998 fovive
2125 2934 2436 3022 cupidine
2469 2926 2685 2997 bella?

1139 3051 1302 3111 Tum
1347 3048 1565 3113 decuit
1610 3055 1906 3116 metuisse
1951 3058 2120 3118 tuis:
2165 3076 2331 3118 nunc
2371 3073 2509 3116 sera
2551 3046 2834 3140 querelis

1136 3167 1331 3230 Haud
1372 3171 1561 3231 iustis
1605 3170 1930 3263 adsurgis,
1967 3193 2036 3236 et
2079 3175 2264 3236 irrita
2308 3175 2520 3262 iurgia
2561 3172 2798 3234 iactas.

1238 3285 1505 3351 Talibus
1544 3287 1774 3354 orabat
1815 3296 2007 3370 Iuno,
2048 3294 2398 3382 cunctique
2442 3288 2792 3354 fremebant

1136 3385 1496 3472 Caelicolae
1537 3409 1804 3476 adsensu
1841 3418 2054 3478 vario:
2097 3437 2216 3478 ceu
2251 3411 2506 3478 flamina
2550 3413 2787 3498 prima,

1137 3531 1343 3607 Quum
1379 3526 1680 3616 depressa
1715 3529 1992 3596 fremunt
2032 3535 2248 3610 silvis,
2289 3549 2356 3594 et
2395 3553 2592 3594 caeca
2629 3526 2924 3593 volutant

1136 3649 1505 3726 Murmura,
1544 3669 1848 3715 venturos
1883 3656 2100 3716 nautis
2141 3650 2480 3740 prodentia
2521 3665 2776 3728 tentos.

1133 3767 1297 3830 Tum
1338 3772 1527 3833 Pater
1563 3775 2000 3859 omnipotens,
2041 3793 2248 3835 rerum
2288 3773 2398 3833 cui
2439 3789 2676 3831 summa
2717 3781 3030 3854 potestas,

1136 3883 1315 3948 Infit.
1362 3887 1453 3952 Eo
1493 3888 1750 3954 dicente
1787 3887 1970 3956 defim
2013 3891 2236 3956 domus
2271 3891 2402 3954 alta
2445 3889 2729 3963 silescit;

1136 4007 1217 4066 Et
1261 4006 1634 4074 tremefacta
1669 4011 1806 4074 solo
1849 4011 2080 4092 tellus;
2123 4008 2270 4076 silet
2312 4007 2546 4074 arduus
2582 4002 2844 4082 aether;
