3400 5175
993 556 1088 607 12
1639 552 1713 604 P.
1794 552 2325 606 vrncrnu
2568 529 2727 631 243

1077 690 1468 764 Constituit,
1513 684 1843 775 frontique
1881 690 2163 776 invergit
2208 688 2355 747 vina
2390 685 2717 763 sacerdon

1084 812 1197 884 Et,
1239 830 1508 871 summas
1549 830 1815 894 carpens
1854 806 2057 869 media
2100 808 2265 867 inter
2304 828 2538 867 cornua
2574 824 2818 881 saetas,

1081 928 1348 1017 Ignibus
1389 932 1662 1015 imponit
1701 930 1929 1004 sacriz,
1967 924 2275 989 libamina
2320 926 2555 1009 prima,

1085 1052 1256 1111 Voce
1291 1070 1521 1112 vocans
1561 1052 1849 1111 Hecaten
1890 1046 2198 1131 caeloque
2242 1043 2577 1130 Ereboque
2615 1062 2967 1130 potentem,

1081 1172 1460 1253 Supponunt
1499 1168 1614 1230 alii
1653 1168 1924 1241 culum,
1965 1163 2381 1250 tepidumque
2418 1186 2703 1226 cruorem

1081 1287 1454 1371 Suscipiunt
1496 1288 1764 1370 pateris.
1808 1288 1956 1369 Ipse
1996 1288 2120 1347 atri
2162 1283 2421 1347 velleris
2456 1306 2679 1372 agnam

1081 1410 1328 1467 Aenean
1369 1407 1556 1467 matri
1597 1403 2049 1480 Eumenidum,
2092 1422 2485 1492 magnaeque
2523 1401 2760 1476 sorori,

1083 1526 1246 1587 Ense
1288 1520 1475 1599 ferit,
1517 1524 1931 1611 sterilemque
1976 1521 2133 1599 tibi,
2174 1524 2584 1609 Proserpina,
2633 1542 2921 1583 vaccam.

1081 1646 1242 1705 Tum
1283 1624 1515 1731 Stygio
1558 1647 1692 1731 regi
1734 1662 2073 1735 nocturnas
2113 1638 2371 1703 inchoat
2407 1662 2578 1716 araS,

1081 1764 1161 1823 Et
1204 1760 1408 1824 solida
1450 1764 1721 1844 imponit
1758 1776 2081 1825 taurorum
2118 1761 2366 1823 viscera
2402 1758 2693 1833 flammis,

1080 1882 1326 1970 Pingue
1367 1902 1555 1967 super
1592 1879 1806 1946 oleum
1849 1877 2193 1944 infundens
2233 1877 2603 1942 ardentibus
2643 1880 2845 1939 extis·

1079 2002 1244 2063 Ecce
1285 2016 1531 2077 autem,
1569 2001 1762 2085 primi
1796 1998 1917 2063 sub
1956 1998 2202 2063 lumina
2242 2000 2394 2061 solia
2434 2016 2497 2061 et
2538 2018 2751 2075 ortus,

1078 2117 1208 2182 Sub
1247 2117 1518 2204 pedibus
1561 2122 1810 2207 mugire
1858 2118 2096 2195 solum,
2136 2120 2391 2208 et·iuga
2431 2135 2659 2201 coepta
2702 2120 2937 2178 moveri

1080 2237 1429 2315 Silvarum,
1471 2240 1771 2325 visaeque
1812 2260 2001 2301 canes
2043 2238 2299 2301 ululare
2341 2259 2453 2323 per
2494 2234 2810 2313 umbram,

1080 2356 1489 2421 Adventante
1525 2356 1676 2421 dea.
1717 2359 1950 2421 Procul
1986 2380 2055 2435 o,
2098 2358 2326 2445 procul
2370 2374 2536 2433 este,
2578 2352 2873 2442 profani,

1077 2475 1454 2539 Conclamat
1494 2496 1711 2557 vates,
1754 2496 2022 2567 totoque
2064 2476 2363 2543 absistite
2405 2477 2586 2540 luco:

1081 2597 1308 2681 Tuque
1352 2595 1586 2660 invade
1626 2601 1827 2676 viam,
1868 2603 2238 2690 vaginaque
2274 2601 2453 2686 eripe
2493 2593 2767 2660 ferrum:

1079 2717 1259 2778 Nunc
1301 2719 1528 2780 animis
1569 2739 1764 2804 opus,
1806 2723 2055 2795 Aenea,
2096 2741 2265 2782 nunc
2310 2735 2573 2804 pectore
2608 2713 2817 2778 firmo,

1077 2836 1350 2898 Tantum
1393 2832 1620 2913 effata,
1662 2834 1877 2900 furens
1920 2858 2105 2900 antro
2144 2860 2209 2899 se
2246 2838 2509 2900 immisit
2552 2853 2805 2922 aperto:

1077 2951 1202 3014 Ille
1242 2952 1464 3016 ducem
1507 2951 1677 3018 haud
1720 2955 1965 3018 timidis
2004 2955 2333 3021 vadentem
2378 2956 2668 3044 passibus
2710 2975 2977 3043 aequat.

1179 3072 1262 3135 Di
1279 3119 1296 3148 ,
1319 3070 1558 3158 quibus
1577 3075 1912 3159 imperium
1930 3092 2024 3136 est
2046 3075 2389 3138 animarum
2407 3121 2426 3151 ‚
2444 3073 2833 3164 umbraeque
2854 3075 3123 3139 silentes
3144 3122 3163 3150 ‚

1079 3192 1162 3254 Et
1203 3187 1440 3267 Chaos,
1479 3209 1545 3256 et
1589 3191 2025 3284 Phlegethon,
2066 3195 2208 3259 loca
2250 3213 2438 3259 nocte
2476 3201 2755 3260 tacentia
2795 3197 2965 3274 late;

1077 3314 1175 3373 Sit
1219 3308 1378 3373 mihi
1417 3307 1510 3375 fas
1545 3314 1769 3378 audita
1810 3315 2035 3402 loqui;
2076 3318 2158 3378 eit
2198 3319 2457 3380 numine
2496 3337 2708 3379 vestro

1077 3428 1361 3493 Pandere
1403 3452 1500 3493 res
1538 3431 1674 3495 alta
1717 3449 1887 3498 terra
1928 3455 1993 3500 et
2032 3435 2311 3526 caligine
2354 3459 2615 3500 mersas.

1077 3549 1266 3616 Ibant
1307 3550 1562 3616 obscuri
1600 3553 1737 3617 sola
1774 3554 1895 3620 nub
1938 3575 2127 3620 nocte
2168 3581 2279 3645 per
2316 3557 2641 3635 umbram,

1072 3674 1324 3760 Perque
1365 3673 1578 3737 domos
1619 3677 1795 3739 Ditis
1835 3699 2098 3755 vacuas,
2138 3696 2201 3741 et
2246 3681 2461 3747 inania
2500 3701 2725 3767 regna.

1075 3794 1280 3872 Quale
1321 3817 1432 3882 per
1471 3799 1783 3862 incertam
1825 3796 2033 3862 lunam
2080 3797 2199 3862 nub
2239 3797 2385 3862 luce
2430 3799 2705 3888 maligna

1075 3917 1186 3979 Eat
1227 3919 1353 3982 iter
1392 3920 1459 3980 in
1497 3917 1718 3997 silvis,
1756 3916 1870 3983 ubi
1911 3916 2153 3980 caelum
2192 3916 2480 3981 condidit
2524 3915 2740 3982 umbra
