3400 5175
905 637 1366 697 Anunrnos
1429 637 1601 693 un.
1669 638 1882 693 v111.
2004 616 2165 720 327
2288 646 2389 722 79

502 780 580 841 Et
616 770 780 841 belli
817 768 1066 847 rabies,
1105 787 1170 832 et
1210 790 1384 833 amor
1421 772 1721 834 successit
1768 768 2085 835 habendi.

501 899 658 958 Tum
701 912 924 955 manus
967 892 1252 953 Ausonia
1292 906 1355 951 et
1397 910 1619 983 gentes
1661 913 1893 954 venere
1934 896 2245 972 Sicanae3

501 1014 776 1099 Saepius
812 1029 877 1075 et
921 1030 1146 1073 nomen
1190 1011 1403 1096 posuit
1448 1014 1752 1075 Saturnia
1794 1012 2015 1077 tellus.

499 1134 657 1195 Tum
699 1152 917 1221 reges,
957 1150 1268 1218 asperque
1309 1132 1568 1196 immani
1607 1153 1873 1219 corpore
1916 1130 2248 1223 Thybris3

505 1254 556 1313 A
599 1272 731 1338 quo
774 1267 916 1336 post
961 1249 1118 1312 Itali
1157 1246 1426 1315 fluvium
1467 1254 1846 1342 cognomine
1886 1249 2203 1341 Thybrim

500 1371 838 1447 Diximus;
883 1371 1096 1431 amisit
1139 1391 1358 1435 verum
1398 1387 1584 1433 vetus
1629 1369 1869 1434 Albula
1914 1394 2171 1436 nomen.

501 1494 604 1555 He
645 1489 898 1577 pulsum
943 1491 1187 1575 patria,
1229 1488 1579 1579 pelagique
1620 1508 1909 1555 extrema
1949 1506 2355 1581 sequentem,

501 1615 778 1675 Fortuna
815 1611 1214 1695 omnipotens
1250 1625 1314 1671 et
1355 1607 1779 1673 ineluctabile
1820 1606 2025 1673 fatum

499 1736 614 1796 His
650 1752 922 1819 posuere
959 1729 1158 1806 locis;
1203 1732 1552 1816 matrisque
1593 1751 1785 1821 egere
1829 1726 2154 1796 tremenda

503 1852 852 1916 Carmentis
895 1846 1218 1939 nymphae
1247 1853 1518 1925 monita,
1546 1866 1610 1914 et
1637 1849 1795 1915 deus
1828 1866 2057 1917 auctor
2086 1850 2353 1940 Apollo.

502 1974 622 2036 Vix
664 1994 740 2035 ea
778 1971 996 2036 dicta:
1040 1969 1274 2035 dehinc
1320 1992 1686 2061 progressus
1728 1990 2036 2036 monstrat
2078 1988 2142 2035 et
2187 1992 2389 2050 aram,

499 2095 578 2156 Et
619 2090 1083 2156 Carmentalem
1129 2093 1413 2155 Romano
1457 2096 1709 2156 nomine
1747 2111 1997 2181 portam
2183 2082 2197 2095 ⁹

501 2216 696 2297 Quam
707 2232 1076 2291 memorant,
1091 2209 1406 2303 nymphae
1418 2216 1690 2299 priscum
1704 2215 2056 2278 Carmentis
2066 2207 2361 2277 honorem
2376 2256 2393 2285 ,

499 2335 679 2398 Vatis
719 2328 1063 2409 fatidicae;
1103 2334 1342 2395 cecinit
1381 2356 1550 2421 quae
1595 2338 1797 2420 prima
1838 2333 2093 2399 futuros

501 2452 830 2519 Aeneadas
869 2475 1161 2544 magnos,
1203 2469 1267 2517 et
1311 2452 1526 2519 nobile
1572 2456 2002 2519 Pallanteum.

499 2578 660 2640 Hinc
700 2574 918 2640 lucum
959 2577 1316 2665 ingentem,
1357 2599 1546 2662 quem
1589 2574 1895 2640 Romulus
1937 2599 2085 2640 acer
2125 2573 2392 2664 Asylum

503 2697 820 2774 Rettulit,
862 2713 925 2759 et
966 2695 1180 2786 gelida
1221 2712 1524 2758 monstrat
1567 2692 1686 2758 sub
1725 2718 1880 2780 rupe
1924 2695 2273 2782 Lupercal,

501 2813 834 2882 Parrhasio
875 2815 1118 2882 dictum
1160 2820 1358 2880 Panos
1398 2815 1476 2879 de
1515 2837 1682 2878 more
1726 2819 1997 2904 Lycaei.

505 2935 634 3000 Nec
677 2958 800 3000 non
839 2952 904 3000 et
945 2939 1112 3000 sacri
1153 2953 1454 3000 monstrat
1496 2958 1713 2999 nemus
1760 2935 2073 3024 Argileti,

503 3055 934 3144 Testatnrque
972 3057 1220 3134 locum,
1256 3075 1320 3120 et
1363 3057 1562 3121 letum
1601 3057 1790 3121 docet
1836 3055 2111 3143 hospitis
2150 3057 2339 3146 Argi.

501 3177 666 3240 Hinc
709 3175 790 3240 ad
827 3180 1160 3263 Tarpeiam
1201 3175 1410 3241 sedem
1449 3195 1514 3240 et
1556 3176 1886 3264 Capitolia
1927 3175 2145 3252 ducit,

500 3298 714 3360 Aurea
755 3319 956 3374 nunc,
997 3297 1152 3362 olim
1193 3296 1599 3363 silvestribus
1639 3295 1899 3362 horrida
1934 3297 2180 3362 dumis.

505 3417 634 3479 Iam
678 3435 814 3480 tum
855 3417 1114 3510 relligio
1157 3417 1422 3506 pavidos
1465 3417 1746 3483 terrebat
1788 3435 2071 3510 agrestes

505 3535 654 3599 Dira
688 3536 856 3615 loci;
897 3541 1018 3602 iam
1060 3555 1190 3602 tum
1228 3539 1456 3605 silvam
1489 3561 1839 3627 saxumque
1882 3535 2267 3602 tremebant.

507 3656 637 3718 Hoc
678 3679 928 3734 nemus,
968 3655 1176 3737 hunc,
1217 3663 1466 3748 inquit,
1507 3658 1813 3726 frondoso
1840 3661 2085 3720 vertice
2127 3652 2393 3728 collem,

499 3777 650 3852 Quis
673 3775 829 3840 deus
850 3825 869 3854 ,
897 3781 1206 3844 incertum
1232 3799 1364 3860 est,
1388 3779 1644 3848 habitat
1671 3777 1859 3842 deus:
1890 3774 2165 3838 Arcades
2186 3775 2391 3860 ipsum

503 3892 784 3959 Credunt
825 3919 891 3963 se
927 3897 1162 3964 vidisse
1204 3905 1452 3980 Iovem,
1494 3923 1690 3989 quum
1730 3917 1919 3983 saepe
1961 3895 2322 3983 nigrantem

501 4013 744 4113 Aegida
783 4035 1155 4088 concuteret
1193 4019 1454 4099 dextra,
1498 4017 1877 4106 nimbosque
1916 4017 2151 4080 cieret.
