3400 5175
975 585 1077 685 78
1631 601 1707 653 P.
1778 597 2293 655 vtnotntr
2576 607 2731 685 299

1071 736 1355 814 Arduus,
1395 757 1564 799 arma
1605 752 1854 797 tenens:
1894 757 2015 801 non
2061 753 2125 798 te
2165 738 2432 799 rationis
2473 756 2765 827 egentem

1070 864 1384 923 Lernaeus
1420 856 1612 921 turba
1647 860 1927 942 capitum
1971 858 2399 919 circumstetit
2444 858 2703 947 anguis.

1069 980 1293 1054 Salve,
1337 998 1486 1041 vera
1523 978 1697 1038 Iovis
1740 975 1983 1061 proles,
2021 974 2217 1039 decus
2258 972 2477 1037 addite
2520 974 2736 1055 divis;

1079 1102 1162 1161 Et
1202 1120 1312 1161 nos
1351 1115 1415 1161 et
1459 1114 1566 1159 tua
1603 1096 1831 1159 dexter
1872 1094 1975 1158 adi
2016 1091 2177 1179 pede
2214 1116 2392 1157 sacra
2432 1096 2743 1159 secundo.

1073 1218 1258 1281 Talia
1303 1216 1690 1281 carminibus
1730 1213 2087 1279 celebrant:
2132 1236 2321 1300 super
2362 1219 2573 1277 omnia
2616 1219 2765 1281 Caci

1071 1338 1448 1425 Speluncam
1495 1336 1849 1413 adiiciunt,
1890 1338 2369 1422 spirantemque
2422 1335 2682 1427 ignibus
2722 1342 2969 1424 ipsum.

1073 1462 1392 1521 Consonat
1435 1479 1614 1520 omne
1661 1478 1875 1519 nemus
1914 1456 2191 1541 stepitu,
2234 1454 2559 1543 collesque
2605 1458 2952 1527 resultant.

1175 1580 1344 1641 Exin
1385 1600 1448 1641 se
1486 1580 1705 1641 cuncti
1746 1577 1985 1641 divinis
2022 1572 2209 1637 rebus
2248 1572 2325 1636 ad
2368 1573 2585 1638 urbem

1072 1692 1385 1761 Perfectis
1426 1692 1746 1759 referunt.
1793 1693 1943 1759 Ibat
1983 1717 2097 1759 rex
2138 1694 2383 1758 obsitus
2423 1718 2614 1773 aevo,

1073 1819 1158 1878 Et
1201 1820 1501 1880 comitem
1551 1820 1803 1878 Aenean
1847 1818 2031 1878 iuxta
2075 1834 2425 1903 natumque
2466 1814 2725 1880 tenebat

1077 1934 1485 2025 Ingrediens,
1528 1936 1837 2021 varioque
1881 1938 2047 1997 viam
2088 1958 2368 1999 sermone
2408 1935 2699 1999 levabat.

1081 2058 1396 2131 Miratur,
1439 2051 1793 2143 facilesque
1836 2055 2057 2119 oculos
2100 2052 2223 2119 fert
2264 2057 2475 2119 omnia
2512 2059 2753 2118 circum

1079 2175 1359 2249 Aeneas,
1403 2175 1790 2260 capiturque
1828 2174 2025 2249 locis;
2069 2194 2131 2237 et
2171 2174 2423 2265 singula
2471 2174 2677 2237 laetus

1081 2295 1521 2380 Exquiritque
1563 2293 1877 2381 auditque
1912 2290 2119 2357 virfim
2163 2312 2563 2357 monumenta
2608 2300 2920 2379 priorum.

1082 2415 1244 2475 Tum
1283 2436 1394 2476 rex
1441 2414 1773 2477 Euandrus
1818 2416 2137 2477 Romanae
2178 2413 2474 2478 conditor
2518 2416 2712 2479 arcis:

1085 2536 1261 2598 ‘Haec
1293 2556 1542 2598 nemora
1580 2534 1923 2626 indigenae
1953 2530 2135 2599 fauni
2158 2532 2610 2624 nymphaeque
2646 2531 2973 2612 tenebant,

1083 2655 1378 2741 Gensque
1421 2649 1622 2718 virt‘im
1667 2657 1913 2718 truncis
1953 2672 2015 2718 et
2051 2653 2214 2718 duro
2258 2652 2479 2718 robore
2524 2673 2712 2718 nata:

1079 2773 1237 2852 Quis
1253 2795 1458 2861 neque
1473 2796 1600 2838 mos
1615 2821 1632 2851 ,
1653 2774 2227 2862 nequecultuserat
2248 2794 2266 2853 ;
2286 2796 2399 2838 nec
2427 2777 2693 2864 iungere
2711 2793 2925 2838 tauros
2942 2821 2961 2848 ,

1083 2895 1213 2954 Aut
1257 2914 1633 2979 componere
1677 2914 1828 2978 opes
1872 2912 2129 2972 norant,
2172 2911 2283 2957 aut
2323 2917 2583 2981 parcere
2620 2913 2838 2982 parto:

1084 3010 1206 3074 Sed
1250 3015 1446 3089 rami,
1491 3032 1688 3100 atque
1731 3035 1918 3099 asper
1958 3017 2139 3078 victu
2182 3031 2453 3078 venatus
2494 3013 2738 3079 alebat.

1081 3132 1327 3192 Primus
1367 3131 1449 3194 ab
1489 3129 1779 3194 aetherio
1822 3137 1999 3197 venit
2044 3133 2353 3200 Saturnus
2396 3135 2708 3224 Olympo,

1081 3254 1274 3312 Arma
1315 3253 1487 3313 Iovis
1531 3247 1825 3341 fugiens,
1867 3272 1931 3318 et
1976 3258 2186 3346 regnis
2227 3256 2408 3318 exsul
2457 3254 2760 3318 ademtis.

1085 3370 1149 3429 Is
1189 3391 1388 3457 genus
1431 3370 1711 3434 indocile
1751 3396 1822 3439 ac
1862 3373 2219 3460 dispersum
2262 3373 2585 3438 montibus
2629 3375 2781 3437 altis

1083 3489 1489 3574 Composuit,
1525 3489 1829 3582 legesque
1875 3493 2087 3572 dedit,
2133 3497 2513 3581 Latiumque
2552 3497 2767 3558 vocari

1081 3607 1360 3687 Maluit,
1405 3607 1502 3673 his
1541 3614 1843 3700 quoniam
1882 3613 2173 3678 latuisset
2215 3631 2396 3678 tutus
2438 3616 2502 3676 in
2540 3616 2701 3676 oris.

1082 3729 1298 3790 Aurea
1341 3751 1506 3817 quae
1543 3731 1919 3818 perhibent,
1962 3735 2079 3800 illo
2119 3735 2235 3799 sub
2280 3756 2430 3826 rege
2473 3731 2736 3798 fuerunt

1082 3851 1380 3914 Saecula:
1420 3855 1512 3916 sic
1557 3854 1813 3941 placida
1852 3857 2123 3942 populos
2164 3858 2231 3918 in
2274 3877 2426 3941 pace
2469 3851 2774 3944 regebat.

1085 3968 1382 4034 Deterior
1423 3971 1626 4037 donec
1665 3973 2005 4059 paullatim
2046 3998 2117 4040 ac
2157 3975 2417 4042 decolor
2459 3991 2666 4050 aetas,
