3400 5175
1064 612 1217 700 144
1721 615 1796 668 P.
1875 614 2410 669 vrnornrr
2649 590 2806 670 523

1142 754 1261 813 Per
1304 750 1548 837 patrios
1586 752 1844 824 Manes,
1887 769 1996 835 per
2040 768 2180 833 spes
2221 748 2548 837 surgentis
2587 748 2752 825 Iuli,

1144 872 1237 933 Te
1277 890 1499 954 precor
1538 866 1699 931 hanc
1745 870 2008 929 animam
2049 888 2260 929 serves
2299 885 2578 953 natoque
2611 868 2947 955 patrique.

1142 990 1257 1049 Est
1298 986 1517 1049 domus
1556 986 1727 1064 alta;
1771 988 1977 1048 iacent
2021 989 2276 1073 penitus
2315 982 2566 1053 defossa
2605 984 2854 1049 talenta

1146 1106 1395 1169 Caelati
1437 1108 1727 1196 argenti3
1771 1122 1921 1167 sunt
1961 1108 2100 1169 auri
2141 1106 2420 1192 pondera
2463 1102 2620 1169 facti

1146 1223 1519 1313 Infectique
1560 1222 1755 1289 mihi.
1799 1228 1938 1288 Non
1978 1223 2083 1288 hle
2127 1228 2404 1289 victoria
2433 1221 2744 1289 Teucrum

1152 1348 1481 1423 Vertiturt,
1526 1364 1639 1408 aut
1681 1348 1890 1407 anima
1931 1368 2056 1408 una
2096 1342 2276 1411 dabit
2319 1342 2686 1407 discrimina
2725 1360 2938 1406 tanta.

1150 1467 1455 1527 Dixerat.
1497 1468 1738 1527 Aeneas
1776 1482 2002 1527 contra
2035 1467 2142 1527 cui
2185 1463 2344 1527 talia
2384 1462 2627 1528 reddit:

1150 1588 1426 1674 Argenti
1466 1600 1665 1673 atque
1705 1588 1843 1647 auri
1885 1602 2188 1647 memoras
2229 1605 2392 1671 quae
2435 1582 2638 1643 multa
2680 1579 2952 1656 talenta,

1154 1706 1383 1766 Gnatis
1422 1724 1613 1789 parce
1655 1705 1814 1763 tuis.
1858 1702 2022 1765 Belli
2060 1704 2434 1765 commercia
2473 1704 2726 1761 Turnus

1154 1820 1428 1883 Sustulit
1474 1822 1599 1881 ista
1640 1823 1844 1904 prior,
1887 1823 2006 1883 iam
2051 1832 2184 1881 t'um
2227 1818 2514 1882 Pallante
2553 1834 2867 1904 peremto.

1152 1944 1290 2003 Hoc
1332 1942 1529 2024 patris
1570 1937 1886 2001 Anchisae
1927 1943 2180 2015 Manes,
2223 1934 2342 2000 hoc
2383 1940 2578 2001 sentit
2611 1937 2831 2000 Iulus.

1154 2056 1259 2117 Sic
1302 2050 1473 2116 fatus
1512 2054 1762 2142 galeam
1805 2053 1988 2119 laeva
2029 2073 2235 2133 tenet,
2273 2076 2470 2144 atque
2511 2052 2745 2119 reflexa

1138 2174 1419 2263 ’Cervice
1457 2176 1698 2235 orantis
1735 2172 1970 2259 capulo
2017 2192 2198 2236 tenus
2241 2174 2530 2261 applicat
2569 2196 2808 2239 ensem.

1156 2294 1291 2355 Nec
1322 2292 1546 2377 procul
1576 2292 2032 2369 Haemonides,
2057 2292 2296 2357 Phoebi
2325 2296 2710 2383 Triviaeque
2733 2291 3062 2367 sacerdos,

1159 2406 1377 2472 Infula
1416 2414 1523 2473 eui
1564 2434 1744 2475 sacra
1788 2410 2127 2477 redimibat
2173 2431 2456 2499 tempora
2499 2416 2693 2491 vitta,

1158 2532 1362 2593 Totus
1402 2530 1722 2596 collucens
1757 2549 1930 2598 veste
1971 2550 2168 2622 atque
2209 2530 2565 2624 insignibus
2603 2532 2824 2596 armis:

1154 2653 1351 2728 Quem
1394 2671 1767 2742 congressus
1805 2655 1942 2742 agit
1985 2675 2236 2739 camp0‚
2275 2653 2652 2741 lapsumque
2693 2666 3060 2738 superstans

1158 2767 1480 2847 Immolet,
1524 2773 1900 2860 ingentique
1935 2773 2154 2838 umbra
2197 2777 2398 2864 tegit3
2441 2797 2610 2836 arma
2651 2777 2934 2837 Serestus

1158 2889 1357 2950 Lecta
1396 2884 1591 2951 refert
1636 2887 1942 2968 hnmeris,
1985 2889 2138 2968 tibi,
2182 2913 2292 2954 rex
2331 2889 2649 2970 Gradive,
2691 2909 3058 2978 tropaeum.

1154 3005 1522 3067 Instaurant
1562 3003 1732 3070 acies
1766 3007 2040 3074 Vulcani
2079 3013 2280 3096 stirpe
2317 3029 2570 3075 creatus

1154 3122 1467 3184 Caeculus
1506 3143 1569 3186 et
1614 3129 1874 3190 veniens
1919 3133 2264 3193 Marsorum
2307 3130 2624 3195 montibus
2667 3128 2934 3193 Vmbro.

1158 3239 1551 3304 Dardanides
1586 3265 1813 3308 contra
1853 3244 2051 3311 furit.
2099 3255 2376 3314 Anxuris
2413 3273 2558 3314 ense
2599 3251 2916 3314 sinistram

1159 3360 1241 3419 Et
1282 3374 1485 3422 totum
1524 3362 1720 3447 clipei
1767 3363 1938 3430 ferro
1977 3365 2298 3432 deiecerat
2337 3369 2589 3448 orbem;

1158 3479 1427 3544 Dixerat
1455 3479 1569 3545 ille
1603 3484 1854 3572 aliquid
1889 3509 2174 3575 magnum
2195 3534 2213 3564 ‚
2242 3491 2500 3577 vimque
2531 3485 2746 3554 adfore
2772 3485 2966 3552 verbo

1156 3597 1564 3677 Crediderat,
1605 3603 1916 3690 caeloque
1961 3607 2236 3670 animum
2274 3605 2544 3673 fortasse
2585 3605 2868 3686 ferebat,

1159 3718 1607 3808 Canitiemque
1644 3721 1771 3784 sibi
1805 3741 1873 3784 et
1919 3723 2142 3815 longos
2181 3731 2552 3814 promiserat
2599 3699 2832 3791 annos.

1160 3835 1513 3922 Tarquitus
1552 3840 1878 3904 exsultans
1919 3864 2141 3908 contra
2179 3843 2584 3938 fulgentibus
2622 3850 2841 3924 armis,

1156 3953 1505 4022 Silvicolae
1556 3962 1780 4024 Fauno
1823 3964 2086 4053 Dryope
2123 3989 2312 4055 quem
2355 3963 2636 4056 nympha
2675 3985 2968 4044 crearat,
