3400 5175
1078 610 1543 669 anunmos
1600 610 1775 663 L113.
1831 610 1964 665 -x1.
2135 583 2284 665 103
2419 586 2567 665 163

682 744 1041 823 Redderet‚
1079 766 1153 808 ac
1191 742 1441 809 tumulo
1477 744 1712 806 sineret
1749 740 2090 807 succedere
2127 759 2364 805 terrae:

685 866 951 930 Nullum
990 886 1133 927 cum
1178 866 1373 927 victis
1412 878 1732 926 certamen
1772 879 1836 923 et
1880 860 2137 925 aethree
2179 864 2401 924 cassis!

685 988 979 1049 Parceret
1016 982 1379 1068 hospitibus
1418 979 1742 1069 quondam
1779 984 2143 1069 socerisque
2179 984 2456 1045 vocatis.

684 1106 855 1183 Quos
890 1102 1085 1167 honus
1126 1107 1407 1177 Aeneas,
1449 1098 1620 1164 haud
1664 1100 2052 1186 aspernanda
2091 1120 2456 1186 precantes,

682 1226 1100 1314 Prosequitur
1141 1226 1363 1297 venia,
1403 1241 1467 1283 et
1510 1216 1724 1281 verbis
1765 1216 1923 1281 haec
1965 1222 2222 1304 insuper
2261 1216 2468 1281 addin

692 1344 1008 1419 Quaenam
1044 1361 1155 1402 vos
1197 1356 1381 1403 tauto
1424 1342 1704 1400 Fortuna
1745 1336 2048 1426 indigna,
2089 1338 2338 1413 Latini,

684 1458 1019 1545 Implicnit
1057 1428 1261 1533 bello,
1303 1460 1419 1545 qui
1463 1476 1573 1519 nos
1609 1451 1882 1544 fugiatis
1921 1445 2195 1518 amicos?

686 1578 913 1639 Pacem
954 1597 1051 1639 me
1090 1552 1401 1639 exanimis
1439 1592 1503 1638 et
1548 1577 1766 1637 martis
1804 1592 1972 1637 sorte
2011 1573 2312 1661 peremtis

688 1687 945 1757 Oratis?
979 1693 1271 1782 equidem
1308 1714 1373 1757 et
1412 1695 1584 1757 vivis
1622 1693 1970 1757 concedere
2006 1693 2270 1757 vellem.

688 1814 823 1876 Nec
862 1814 1046 1889 veni,
1090 1814 1213 1875 nisi
1253 1809 1388 1876 fata
1422 1813 1631 1877 locum
1668 1812 2006 1901 sedemque
2045 1810 2410 1887 dedissent;

690 1934 824 1995 Nec
866 1928 1105 1995 bellum
1145 1952 1288 1997 cum
1338 1950 1533 2020 gente
1572 1952 1762 2023 gero:
1808 1954 1916 1995 rex
1961 1950 2178 1995 nostra
2219 1931 2490 2019 reliquit

694 2050 1023 2136 Hospitis,
1063 2067 1127 2111 et
1168 2052 1371 2112 Turni
1412 2053 1631 2137 potius
1662 2073 1730 2114 se
1768 2048 2046 2115 credidit
2087 2051 2306 2114 armis.

694 2169 983 2255 Aequius
1022 2163 1176 2231 huic
1218 2171 1506 2233 Turnum
1548 2165 1761 2233 fuerat
1801 2191 1866 2247 se
1904 2191 2222 2257 opponere
2267 2170 2490 2233 morti.

698 2285 763 2347 Si
802 2283 1036 2347 bellum
1072 2282 1255 2347 finire
1298 2307 1518 2364 manu,
1562 2291 1616 2351 si
1656 2257 1898 2377 pellere
1937 2292 2216 2353 Teucros

694 2408 1023 2488 Appara13
1066 2400 1164 2465 his
1206 2424 1449 2467 mecum
1486 2404 1712 2471 decuit
1753 2430 2126 2472 concurrere
2169 2407 2347 2470 telis:

696 2522 921 2600 Vixet‚
962 2523 1051 2585 cii
1090 2524 1290 2585 vitam
1333 2522 1491 2589 dens
1532 2544 1647 2590 aut
1686 2550 1802 2592 sua
1845 2526 2074 2593 dextra
2116 2525 2435 2591 dedisset.
2527 2593 2531 2599 ,

697 2641 879 2703 Nunc
919 2643 1043 2718 ite,
1083 2658 1150 2704 et
1190 2644 1429 2733 miseris
1467 2650 1813 2732 supponite
1852 2643 2106 2709 civibus
2147 2647 2394 2733 iguem.

698 2762 969 2823 Dixerat
1008 2765 1280 2824 Aeneas.
1320 2761 1455 2826 Olli
1495 2761 1882 2850 obstupuere
1923 2763 2218 2838 silentes;

696 2879 1128 2967 Conversique
1167 2879 1383 2944 oculos
1424 2886 1601 2947 inter
1638 2903 1705 2946 se
1748 2899 1944 2970 atque
1985 2889 2107 2944 ora‘
2139 2873 2439 2942 tenebant
2460 2919 2524 2986 ‘s

698 3001 855 3060 Tum
897 2999 1107 3061 senior
1144 3021 1517 3088 semperque
1554 2999 1720 3064 odiis
1757 3017 1822 3063 et
1864 3000 2130 3063 crimine
2171 2999 2450 3060 Drances

701 3111 987 3179 Infensus
1027 3119 1248 3181 iuveni
1289 3121 1507 3182 Turno
1550 3121 1643 3182 sic
1681 3141 1792 3182 ore
1833 3119 2116 3182 vicissim

702 3237 856 3296 Orsa
900 3230 1122 3298 refert:
1164 3238 1217 3298 Ο
1257 3232 1431 3299 fama
1468 3239 1729 3328 ingens,
1772 3237 2095 3328 ingentior
2135 3235 2354 3308 armis,

702 3353 818 3414 Vir
856 3355 1167 3429 Troiane,
1207 3353 1449 3440 quibus
1488 3357 1673 3420 caelo
1717 3376 1780 3420 te
1823 3353 2120 3419 laudibus
2161 3343 2466 3440 aequent?

699 3474 1083 3536 Iustitiaene
1124 3477 1301 3558 prius
1344 3477 1531 3538 mirer
1572 3473 1824 3540 belline
1865 3464 2200 3539 laborum?

699 3593 827 3654 Nos
865 3613 1017 3655 vero
1058 3589 1215 3656 haec
1256 3597 1531 3679 patriam
1578 3597 1750 3686 grati
1793 3589 2134 3658 referemus
2175 3587 2255 3653 ad
2295 3587 2552 3652 urbem:

701 3713 783 3772 Et
823 3729 917 3788 te,
961 3714 1015 3774 si
1054 3733 1187 3798 qua
1223 3714 1389 3777 viam
1433 3709 1683 3778 dederit
1729 3717 2046 3784 Fortuna,
2091 3711 2316 3772 Latino

700 3831 1045 3920 Iungemus
1087 3831 1261 3918 regi.
1303 3833 1583 3912 Quaerat
1624 3831 1752 3897 sibi
1792 3827 2055 3895 foedera
2094 3829 2382 3890 Turnus.

698 3951 867 4028 Quin
909 3967 977 4013 et
1017 3944 1242 4014 fatales
1280 3971 1602 4016 murorum
1640 3945 1948 4012 attollere
1987 3938 2182 4006 moles
2219 3983 2240 4016 ,
