3400 5175
984 648 1441 707 Anuernos
1503 647 1677 701 mn.
1744 646 1872 700 xr.
2022 646 2179 723 7¹9
2311 619 2463 698 185

590 788 844 852 Transit
882 807 1109 871 equum
1154 804 1379 857 cursu,
1420 776 1746 866 frenisque
1786 777 2050 842 adversa
2095 776 2418 865 prehensis

592 903 1049 995 congreditur,
1090 920 1451 988 poenasque
1486 900 1748 961 inimico
1790 918 1869 961 ex
1909 901 2218 987 sanguine
2243 902 2466 961 sumit:

593 1028 791 1104 Quam
828 1017 1021 1085 facile
1057 1022 1368 1104 accipiter
1409 1040 1562 1080 saxo
1600 1038 1777 1080 sacer
1820 1016 1952 1078 ales
1994 998 2076 1081 ab
2116 1018 2248 1079 alto

590 1142 1017 1227 Consequitur
1058 1140 1277 1223 pennis
1316 1120 1644 1201 sublimem
1688 1138 1756 1198 in
1793 1134 1958 1199 nube
1995 1135 2381 1212 columbam,

594 1264 1163 1345 Comprensamque
1206 1274 1411 1331 tenet,
1454 1254 1853 1343 pedibusque
1895 1258 2206 1317 eviscerat
2249 1257 2464 1331 uncia;

589 1381 741 1441 Tum
782 1398 1005 1452 cruor,
1044 1392 1106 1438 et
1152 1375 1373 1437 vulsae
1412 1372 1718 1437 labuntur
1761 1371 1841 1438 ab
1883 1370 2138 1435 aethere
2183 1372 2468 1459 plumae.

687 1500 769 1557 At
810 1518 929 1557 non
975 1494 1137 1558 haec
1183 1493 1379 1555 nullis
1421 1489 1741 1555 hominum
1781 1510 1949 1555 sator
1989 1509 2184 1577 atque
2209 1490 2465 1554 deorum

588 1612 939 1677 Observana
982 1613 1187 1675 oculis
1228 1634 1467 1675 summo
1508 1611 1682 1675 sedet
1727 1610 1892 1674 altus
1931 1612 2236 1697 Olympo.

592 1730 995 1819 Tyrrhenum
1036 1735 1303 1793 Genitor
1346 1728 1739 1794 Tarchonem
1783 1736 1848 1795 in
1891 1728 2133 1815 proelia
2171 1742 2395 1791 saeva·

591 1824 898 1927 Suscitat,
940 1870 1001 1914 et
1048 1851 1327 1914 stimulis
1366 1847 1537 1913 haud
1583 1846 1883 1913 mollibus
1923 1851 2134 1912 iniicit
2179 1852 2342 1911 iras.

592 1972 757 2058 Ergo
796 1971 961 2031 inter
997 1968 1215 2033 caedes
1256 1967 1678 2057 cedentiaque
1720 1972 1969 2059 agmina
2011 1966 2260 2031 Tarcho

589 2092 817 2151 Fertur
856 2110 1057 2175 equo,
1100 2090 1425 2174 variisque
1465 2091 1733 2177 instigat
1777 2086 2043 2151 vocibus
2082 2086 2243 2163 alas,

592 2208 858 2269 Nomine
884 2226 1209 2295 quemque·
1236 2228 1495 2282 vocantu
1521 2206 1854 2293 reficitque
1878 2211 1941 2269 in
1975 2206 2213 2292 proelia
2232 2202 2443 2291 pulsos
2460 2249 2478 2268 .

591 2328 745 2403 Quis
788 2342 1021 2400 metus,
1064 2348 1103 2387 o
1142 2347 1483 2412 numquam
1525 2325 1834 2401 dolituri,
1873 2349 1912 2387 o
1949 2347 2192 2410 semper
2231 2328 2466 2387 inertes

595 2441 951 2531 Tyrrheni,
992 2466 1157 2531 qnae
1196 2462 1374 2509 tanta
1417 2448 1640 2508 animis
1680 2448 1938 2535 ignavia
1982 2436 2208 2507 venit?

595 2565 845 2626 Femina
892 2563 1181 2650 palantes
1224 2566 1393 2654 agit,
1436 2580 1633 2652 atque
1672 2562 1832 2626 haec
1875 2566 2130 2654 agmina
2162 2553 2408 2625 vertit?

592 2685 731 2762 Quo
761 2677 993 2744 ferrum
1018 2726 1036 2756 ,
1078 2681 1319 2767 quidve
1346 2680 1505 2744 haec
1534 2683 1807 2770 gerimus
1831 2680 1958 2742 tela
1989 2681 2167 2741 irrita
2185 2671 2464 2742 dextris?

596 2802 677 2863 At
718 2823 839 2862 non
876 2802 939 2862 in
981 2823 1267 2862 venerem
1312 2823 1537 2890 segnes
1576 2818 2019 2886 nocturnaque
2059 2795 2262 2871 bella,

597 2921 761 2995 Aut,
795 2917 909 2983 ubi
951 2941 1147 2982 curva
1185 2917 1409 2982 choros
1448 2917 1687 2980 indixit
1731 2915 1894 2978 tibia
1935 2913 2196 2990 Bacchi,

598 3039 987 3124 Exspectare
1026 3037 1217 3122 dapes
1256 3056 1320 3099 et
1362 3035 1587 3123 plenae
1628 3027 1860 3123 pocula
1901 3053 2180 3112 mensae3

592 3157 717 3219 Hic
741 3177 947 3232 amor,
971 3145 1091 3218 hoc
1117 3151 1397 3217 studium
1417 3174 1439 3232 ς
1458 3153 1602 3218 dum
1622 3176 1796 3218 sacra
1826 3152 2138 3217 secundus
2159 3149 2470 3238 haruspex

594 3277 891 3351 Nuntiet,
932 3296 1004 3338 ac
1048 3275 1225 3338 lucos
1264 3292 1446 3337 vocet
1493 3270 1704 3336 hostia
1745 3276 2003 3364 pinguis
2039 3276 2103 3336 in
2147 3272 2346 3335 altos.

598 3396 767 3456 Haec
808 3390 1075 3467 effatus,
1116 3417 1349 3480 equum
1390 3395 1455 3456 in
1502 3393 1780 3470 medios,
1825 3396 2169 3456 moriturus
2204 3409 2268 3454 et
2311 3395 2480 3478 ipse,

598 3513 925 3586 Concitat,
962 3530 1029 3574 et
1068 3513 1317 3575 Venulo
1353 3511 1677 3576 adversum
1723 3535 1788 3574 se
1834 3509 2128 3575 turbidus
2169 3507 2366 3574 infert
2392 3552 2416 3585 ,

602 3631 1075 3716 Derepturnque
1114 3627 1195 3693 ab
1234 3651 1402 3716 equo
1444 3629 1672 3695 dextra
1711 3629 2162 3716 complectitur
2199 3627 2479 3702 hostem,

600 3750 679 3808 Et
720 3749 1027 3834 gremium
1067 3764 1213 3808 ante
1254 3770 1431 3812 suum
1474 3750 1677 3813 multa
1716 3752 1782 3812 vi
1823 3749 2114 3812 concitus
2153 3741 2404 3809 aufert.

601 3866 883 3929 Tollitur
919 3867 987 3928 in
1025 3866 1271 3930 caelum
1312 3867 1578 3932 clamor:
1621 3871 1976 3952 cunctique
2018 3864 2234 3925 Latini

606 3986 993 4050 Convertere
1032 3987 1287 4053 oculos.
1342 3986 1535 4051 Volat
1578 3989 1804 4075 igneus
1842 4001 2116 4069 aequore
2155 3976 2444 4060 Tarcho,
