3400 5175
888 722 1347 779 AENEIDOS
1408 726 1581 785 LIB.
1643 724 1811 778 ΧΗ.
1922 720 2072 805 104
2195 730 2348 807 ¹97

464 851 807 918 Terrificos
840 858 1004 931 ciet,
1044 873 1243 943 atque
1284 858 1473 919 irasci
1514 859 1581 918 in
1622 878 1858 919 cornua
1896 874 2142 935 tentat,

470 972 731 1035 Arboris
768 971 1042 1037 obnixus
1084 992 1343 1051 truneo;
1396 992 1736 1061 ventosque
1781 976 2032 1039 lacessit

473 1090 755 1168 Ictibus,
796 1108 859 1153 et
900 1114 1117 1177 sparsa
1156 1092 1233 1157 ad
1276 1114 1551 1180 pugnam
1594 1091 1877 1179 proludit
1923 1116 2146 1157 arena.

570 1212 703 1272 Nec
742 1212 949 1272 minus
988 1213 1230 1273 interea
1272 1214 1565 1275 maternis
1602 1234 1824 1274 saevus
1863 1214 1931 1274 in
1973 1218 2159 1277 armis

468 1331 713 1390 Aeneas
755 1331 935 1391 acuit
974 1346 1270 1404 martem,
1312 1346 1375 1392 et
1416 1351 1481 1392 se
1520 1332 1787 1393 suscitat
1831 1332 1964 1405 ira,

464 1442 703 1513 oblato
744 1445 1021 1535 gaudens
1055 1449 1347 1532 componi
1386 1444 1639 1511 foedere
1679 1446 1950 1511 bellum.

470 1564 631 1625 Tum
674 1569 875 1637 socios
914 1569 1265 1653 maestique
1305 1584 1539 1629 metum
1578 1565 1822 1629 solatur
1863 1565 2024 1641 Iuli,

466 1686 621 1757 Fata
664 1686 929 1761 decenn
970 1690 1239 1777 regique
1280 1684 1462 1749 iubet
1503 1704 1800 1769 responsa
1843 1687 2074 1747 Latino

464 1804 655 1866 Certa
692 1802 927 1867 referte
967 1808 1169 1881 viros,
1212 1824 1275 1866 et
1320 1806 1494 1889 pacis
1530 1802 1746 1865 dicere
1786 1802 1986 1892 leges.

566 1924 817 1985 Postera
857 1926 967 1986 vix
1007 1944 1275 1987 summos
1318 1920 1653 2011 spargebat
1695 1921 1934 1985 lunine
1975 1942 2214 1985 montes

458 2042 621 2103 -Orta
660 2040 833 2117 dies;
876 2062 1069 2128 quum
1112 2043 1383 2127 primum
1425 2041 1555 2103 alto
1592 2062 1657 2103 se
1696 2043 1958 2129 gurgite
1995 2042 2236 2105 tollunt

462 2159 629 2222 Solis
662 2164 851 2249 equi,
890 2161 1223 2249 lucemque
1264 2160 1449 2223 elatis
1484 2156 1746 2223 naribus
1781 2157 2040 2238 efflent3

464 2281 765 2363 Campum
811 2278 887 2343 ad
920 2297 1242 2343 certamen
1281 2300 1543 2367 magnae
1582 2277 1701 2342 sub
1742 2278 2068 2343 moenibus
2109 2278 2284 2346 urbis

464 2400 748 2461 Dimensi
788 2397 1143 2486 Rutulique
1183 2400 1309 2461 viri
1350 2400 1712 2485 Teucrique
1753 2396 2100 2483 pa·rabant;

462 2518 541 2579 In
581 2514 917 2604 medioque
956 2513 1159 2594 focos,
1202 2534 1265 2579 et
1302 2516 1403 2581 dis
1438 2516 1877 2579 communibus
1911 2538 2052 2579 aras

452 2639 861 2700 Gramineus.
912 2637 1045 2700 Alii
1086 2634 1453 2724 fontemque
1494 2639 1836 2724 ignemque
1872 2633 2160 2698 ferebant
2185 2681 2206 2714 ,

456 2755 675 2818 'velati
714 2756 901 2832 limo,
940 2777 1005 2820 et
1043 2753 1319 2822 verbena
1356 2757 1637 2841 tempora
1678 2755 1918 2816 vincti.

456 2875 753 2938 Procedit
794 2875 965 2966 legio
999 2874 1419 2953 Ausonidum,
1464 2875 1795 2962 pilataque
1838 2872 2040 2959 plenis

452 2995 729 3083 Agmina
770 3018 835 3058 se
876 2992 1149 3059 fundunt
1194 3000 1431 3083 portis.
1484 2997 1651 3057 Hinc
1692 2993 1922 3056 Troius
1961 2995 2192 3071 omnis,

449 3109 963 3200 ’Tyrrhenusque
1006 3117 1136 3176 ruit
1176 3119 1373 3177 var-iis
1412 3113 1735 3176 exercituo
1776 3115 2001 3189 armis;

453 3229 641 3294 Haud
680 3253 859 3294 secus
898 3235 1195 3297 instructi
1237 3230 1443 3308 ferre,
1484 3253 1673 3319 quam
1716 3234 1770 3293 si
1813 3251 2026 3316 aspera
2067 3230 2296 3292 Martis

454 3351 675 3438 Pugna
710 3367 926 3414 vocet.
977 3353 1109 3415 Nec
1152 3375 1275 3416 non
1316 3350 1539 3415 mediis
1579 3353 1645 3413 in
1684 3347 1973 3412 millibus
2013 3351 2138 3432 ipsi

454 3468 768 3529 Ductores
811 3489 965 3530 auro
1005 3467 1278 3532 volitant
1310 3487 1615 3558 ostroque
1652 3469 1901 3545 decori,

454 3587 541 3646 Et
581 3607 781 3672 genus
822 3589 1111 3650 Assaraci
1151 3587 1555 3667 Mnestheus,
1594 3607 1660 3654 et
1702 3585 1888 3652 fortis
1931 3583 2192 3673 Asylas,

448 3705 531 3764 Et
576 3709 906 3789 Messapus
945 3702 1175 3792 equfim
1214 3705 1527 3784 domitor,
1566 3707 1892 3792 Neptunia
1932 3703 2140 3788 proles
2165 3743 2184 3762 .

448 3823 669 3908 thue
711 3822 862 3886 dato
901 3826 1085 3912 signo
1126 3828 1337 3910 spatia
1371 3829 1437 3887 in
1478 3847 1591 3888 sua
1636 3827 1911 3912 quisque
1949 3821 2242 3896 recessit,

448 3937 752 4030 Defigunt
792 3941 1027 4006 tellure
1066 3943 1318 4020 hastae,
1360 3962 1425 4006 et
1468 3961 1653 4006 scuta
1692 3941 2040 4004 reclinant.

456 4057 613 4121 'I'um
652 4059 863 4122 studio
900 4058 1137 4125 effusae
1176 4081 1441 4142 matres,
1482 4077 1545 4123 et
1590 4059 1826 4152 vulgus
1866 4059 2204 4135 inermum,
