3400 5175
828 652 989 753 184
1480 676 1552 727 Ρ.
1629 672 2160 730 vrnermr
2396 653 2546 755 691

910 806 1227 890 corporat
1268 803 1373 869 sed
1418 808 1615 868 Buten
1658 827 1947 869 aversum
1984 805 2248 892 cuspide
2286 804 2426 869 fixit

911 925 1195 987 Loricam
1237 924 1611 1013 galeamque
1652 927 1858 1001 inter,
1901 947 2026 1012 qua
2069 925 2232 989 colla
2272 926 2549 990 sedentis

904 1045 1187 1119 Luceut,
1228 1060 1289 1103 et
1331 1041 1516 1107 laevo
1556 1041 1872 1129 dependet
1914 1066 2122 1131 parma
2167 1044 2446 1108 lacerto:

909 1159 1313 1225 Orsilochum
1354 1159 1642 1251 fugiens,
1688 1184 2108 1253 magnumque
2149 1166 2395 1251 agitata
2437 1184 2546 1250 per
2568 1158 2782 1223 orbern

908 1279 1135 1343 Eludit
1178 1303 1344 1369 gyro
1384 1283 1680 1357 interior,
1715 1284 2136 1368 sequiturque
2175 1297 2574 1367 sequentem:

909 1398 1071 1461 Tum
1110 1398 1383 1463 validam
1422 1422 1661 1487 perque
1700 1422 1870 1464 arma
1899 1404 2038 1464 viro
2060 1420 2300 1487 perque
2320 1419 2458 1461 ossa
2483 1400 2780 1471 securim,

906 1514 1119 1579 Altior
1156 1539 1539 1609 exsurgens,
1581 1522 1789 1583 oranti
1835 1523 1898 1581 e't
1942 1520 2140 1582 multa
2184 1519 2468 1605 precanti

907 1635 1361 1725 congeminat:
1403 1638 1633 1701 vulnus
1672 1636 1885 1702 calido
1923 1638 2085 1729 rigat
2124 1659 2235 1700 ora
2273 1633 2561 1699 cerebro.

904 1753 1147 1817 Incidit
1190 1752 1378 1831 huic,
1419 1754 1763 1844 subitoque
1806 1755 2108 1843 adspectu
2151 1756 2414 1817 territus
2453 1748 2660 1813 haesit

909 1872 1454 1958 Appenninicolae
1494 1872 1766 1938 bellator
1805 1872 1974 1938 filius
2013 1876 2215 1949 Auni,

904 1988 1094 2053 Haud
1122 1992 1425 2080 Ligurum
1458 2012 1808 2071 extremuS,
1841 1993 1988 2057 dum
2019 1990 2240 2057 fallere
2281 1986 2414 2053 fata
2453 1984 2777 2050 sinebant.

906 2112 1104 2196 Isque
1142 2108 1255 2174 ubi
1297 2132 1360 2173 se
1400 2111 1577 2175 nullo
1621 2116 1741 2175 iam
1778 2134 1970 2175 cursu
2011 2110 2277 2175 evadere
2314 2128 2566 2197 pugnae

906 2228 1125 2305 Posse,
1170 2252 1373 2317 neque
1416 2234 1755 2295 instantem
1795 2233 2075 2320 reginam
2119 2246 2439 2303 avertere,
2484 2226 2730 2301 cernit3

909 2346 1191 2412 Consilio
1228 2370 1479 2413 versare
1516 2348 1693 2413 dolos
1733 2354 2052 2440 ingressus
2088 2368 2152 2412 et
2195 2365 2330 2411 astu
2354 2392 2375 2423 ‚

909 2466 1149 2552 Incipit
1193 2463 1385 2531 haec:
1424 2468 1595 2548 Quid
1634 2486 1762 2533 tam
1803 2469 2167 2561 egregium,
2207 2467 2260 2527 si
2298 2460 2530 2527 femina
2565 2457 2722 2524 forti

908 2583 1089 2649 Fidis
1127 2578 1339 2675 equo?
1382 2587 1637 2652 dimitte
1674 2585 1928 2679 fugam,
1966 2603 2030 2648 et
2072 2603 2135 2648 te
2167 2582 2512 2648 comminus
2550 2597 2755 2665 aequo

904 2705 1156 2767 Mecum
1196 2703 1383 2769 crede
1419 2707 1588 2784 solo,
1632 2727 2011 2798 pugnaeque
2053 2705 2319 2791 accinge
2361 2697 2670 2788 pedestri:

905 2825 1039 2886 Iam
1082 2847 1327 2902 nosces,
1370 2845 1634 2889 ventosa
1674 2823 1836 2888 ferat
1881 2826 1986 2888 cui
2025 2821 2234 2914 gloria
2277 2815 2596 2882 fraudem.

910 2945 1132 3007 Dixit:
1178 2963 1243 3008 at
1286 2944 1403 3008 illa
1446 2941 1692 3022 furens,
1737 2949 1998 3032 acrique
2038 2961 2300 3006 accensa
2340 2936 2587 3009 dolore,

902 3059 1133 3125 Tradit
1176 3085 1412 3148 equum
1453 3066 1708 3141 comiti,
1753 3061 2148 3150 paribusque
2191 3057 2428 3122 resistit
2465 3055 2531 3114 iu
2573 3050 2756 3113 armis
2772 3092 2793 3125 ,

902 3181 1065 3241 Ense
1104 3177 1295 3265 pedes
1332 3179 1532 3256 nude,
1579 3203 1870 3269 puraque
1906 3181 2202 3245 interrita
2243 3195 2492 3264 parma.

898 3299 983 3358 At
1027 3299 1305 3372 iuvenis,
1346 3301 1581 3361 vicisse
1618 3298 1768 3364 dolo
1807 3319 2018 3376 ratus,
2060 3296 2270 3360 avolat
2313 3297 2490 3381 ipse,

900 3412 1090 3477 Haud
1134 3437 1339 3492 mora,
1381 3422 1830 3506 conversisque
1871 3415 2068 3508 fugax
2111 3411 2400 3478 aufertur
2444 3407 2734 3485 habenis,

902 3531 1515 3623 Quadrupedemque
1552 3540 1752 3601 citum
1794 3534 2026 3601 ferrata
2069 3534 2246 3599 calce
2286 3529 2520 3619 fatigat
2547 3572 2566 3589 .

902 3653 1081 3714 Vane
1119 3656 1344 3744 Ligus,
1386 3651 1752 3744 frustraque
1795 3658 2016 3719 animis
2057 3655 2222 3718 elate
2263 3651 2583 3737 superbis,

900 3771 1351 3860 Nequidquam
1392 3777 1633 3861 patrias
1675 3761 1956 3838 tentasti
1980 3773 2264 3837 lubricus
2308 3789 2508 3847 artes;

900 3891 1033 3952 Nec
1074 3886 1243 3955 fraus
1284 3911 1349 3956 te
1390 3894 1768 3958 incolumem
1811 3891 2032 3958 fallaci
2077 3887 2352 3979 perferet
2394 3893 2614 3952 Auno.

900 4007 1077 4072 Haec
1114 4005 1289 4074 fatur
1322 4016 1538 4103 virgo,
1580 4031 1643 4078 et
1686 4005 2048 4101 pernicibus
2087 4015 2274 4104 ignea
2312 4011 2548 4099 plantis
