3400 5175
1014 592 1067 668 4

1655 588 1728 640 ι».
1812 584 2365 643 vrnornrr
2610 589 2699 663 19

1107 720 1464 809 Remigium
1507 717 1780 794 alarum,
1822 722 2171 805 posuitque
2210 721 2503 782 immania
2549 718 2821 803 templa.

1117 841 1192 899 In
1229 833 1476 899 foribus
1517 836 1719 898 letum
1758 824 2109 927 Androgei:
2155 858 2283 901 tum
2330 839 2601 923 pendere
2643 859 2866 922 poenas

1107 954 1496 1041 Cecropidae
1537 958 1694 1017 iussi
1730 948 2153 1045 (miseruml)
2191 943 2833 1043 septenaquotannis

1111 1077 1390 1159 Corpora
1430 1090 1761 1151 natorum;
1804 1094 1931 1138 stat
1976 1074 2193 1138 ductis
2232 1072 2513 1137 sortibus
2557 1094 2743 1134 urna:

1109 1196 1346 1255 Contra
1380 1193 1550 1256 elata
1591 1198 1750 1257 mari
1790 1193 2131 1281 respondet
2177 1196 2415 1255 Gnosia
2457 1194 2683 1253 tellus.

1109 1312 1232 1373 Hic
1269 1310 1550 1373 crudelis
1591 1334 1763 1375 amor
1808 1314 2016 1387 tauri,
2061 1327 2495 1397 suppostaque
2536 1306 2713 1371 furto

1109 1427 1456 1513 Pasiphae,
1500 1432 1904 1518 mixtumque
1948 1450 2182 1520 genus,
2228 1429 2571 1514 prolesque
2614 1424 2902 1490 biformis

1113 1550 1518 1611 Minotaurus
1570 1550 1767 1625 inest,
1806 1552 2059 1613 veneris
2098 1565 2501 1611 monumenta
2540 1541 2881 1607 nefandae:

1111 1665 1237 1728 Hic
1279 1664 1458 1729 labor
1499 1665 1612 1727 ille
1650 1665 1907 1742 domus-3,
1950 1686 2014 1727 et
2061 1663 2534 1728 inextricabilis
2574 1683 2781 1725 error.
2854 1665 2858 1670 ’

1113 1788 1420 1870 Magnum
1466 1788 1723 1871 reginae
1764 1783 1871 1847 sed
1912 1787 2080 1846 enim
2121 1785 2450 1845 miseratus
2486 1802 2755 1843 amorem

1113 1900 1462 1977 Daedalus,
1497 1903 1636 1988 ipse
1678 1900 1858 1964 dolos
1901 1904 2065 1963 tecti
2106 1898 2527 1988 ambagesque
2570 1899 2868 1974 resolvit,

1112 2020 1314 2081 Caeca
1352 2041 1576 2111 regens
1611 2019 1719 2083 filo
1760 2023 2065 2109 vestigia.
2106 2022 2205 2081 Tu
2244 2039 2505 2105 quoque
2546 2040 2833 2106 magnam

1117 2140 1368 2200 Partem
1395 2161 1588 2227 opere
1611 2141 1920 2215 intanto,
1962 2143 2194 2201 sineret
2234 2136 2685 2213 dolor,Icare,
2712 2135 3005 2201 haberes.

1111 2261 1216 2319 Bis
1253 2276 1518 2321 conatus
1558 2278 1693 2321 erat
1740 2281 1921 2321 casus
1962 2254 2258 2346 effingere
2302 2259 2365 2319 in
2408 2276 2593 2318 auro:

1115 2379 1222 2438 Bis
1265 2368 1508 2461 patriae
1549 2376 1841 2440 cecidere
1886 2398 2133 2439 manuS.
2172 2376 2339 2454 Quin
2382 2377 2671 2459 protinus
2708 2377 2915 2437 omnia

1117 2495 1521 2584 Perlegerent
1563 2496 1807 2575 oculiS,
1846 2498 1913 2558 ni
1959 2500 2077 2558 iam
2124 2501 2499 2581 praemissus
2540 2492 2811 2555 Achates

1114 2611 1417 2690 Adforet,
1459 2633 1652 2700 atque
1687 2638 1817 2677 una
1863 2614 2107 2692 Phoebi
2148 2617 2535 2700 Triviaeque
2576 2612 2901 2688 sacerdos,

1113 2733 1452 2821 Deiphobe
1491 2734 1757 2810 Glauci,
1793 2732 1973 2798 fatur
2012 2755 2181 2822 quae
2224 2734 2382 2798 talia
2416 2737 2585 2822 regi:

1111 2855 1257 2914 Non
1295 2851 1414 2914 hoc
1458 2856 1582 2915 ista
1619 2852 1748 2917 sibi
1788 2871 2039 2939 tempus
2079 2852 2445 2938 spectacula
2486 2855 2732 2936 poscit.

1113 2972 1300 3032 Nunc
1342 2990 1536 3058 grege
1576 2968 1654 3030 de
1698 2973 1941 3031 intacto
1982 2987 2221 3053 septem
2264 2987 2541 3030 mactare
2582 2970 2885 3030 iuvencos

1113 3089 1549 3162 Praestiterit,
1593 3085 1862 3150 totidem
1909 3086 2111 3148 lectas
2150 3085 2227 3148 de
2272 3107 2440 3149 more
2475 3085 2797 3150 bidentes.

1211 3203 1476 3268 Talibus
1518 3201 1735 3268 adfata
1773 3209 2026 3267 Aenean
2067 3197 2230 3290 (nec
2271 3226 2445 3268 sacra
2483 3220 2805 3270 morantur

1115 3325 1294 3384 Iussa
1339 3317 1511 3413 viri)
1555 3327 1837 3386 Teucros
1876 3341 2059 3386 vocat
2102 3323 2234 3384 alta
2278 3327 2339 3386 in
2383 3325 2617 3409 templa
2656 3323 2980 3388 sacerdos.

1112 3443 1407 3504 Excisum
1453 3441 1777 3505 Euboicae
1818 3442 1983 3504 latus
2021 3442 2243 3530 ingens
2286 3446 2565 3528 rupis-in
2606 3461 2886 3520 antrum;

1111 3563 1248 3636 Quo
1291 3560 1409 3621 lati
1451 3559 1697 3624 ducunt
1744 3560 1956 3624 aditus
1999 3582 2284 3639 centum,
2326 3565 2491 3626 ostia
2528 3577 2817 3639 centum;

1111 3677 1291 3740 Vnde
1336 3700 1528 3742 ruunt
1573 3681 1839 3744 totidem
1879 3705 2101 3759 voces,
2145 3702 2437 3767 responsa
2481 3677 2807 3766 Sibyllae.

1107 3799 1382 3861 Ventum
1427 3819 1560 3862 erat
1603 3799 1680 3864 ad
1724 3801 1953 3877 limen,
1994 3825 2190 3888 quum
2232 3803 2453 3888 virgo,
2495 3802 2753 3861 Poscere
2794 3793 2928 3860 fata

1097 3919 1408 4004 Tempus,
1447 3923 1582 3984 ait:
1626 3919 1809 3998 deus,
1852 3943 2031 3998 ecce,
2074 3921 2261 3984 deun.
2306 3923 2427 3982 Cui
2470 3919 2628 3981 talia
2672 3915 2835 3982 fanti
