3400 5175
1062 542 1167 646 98
1700 558 2368 617 1’.v1R01L11
2613 536 2714 639 75

1152 692 1403 773 Taeda,
1446 707 1510 757 et
1546 696 1958 757 commixtam
2002 690 2311 756 vulcanus
2349 690 2427 755 ad
2467 710 2634 756 astra
2669 689 2956 759 favillam
2981 745 2994 758 .

1252 817 1409 895 Quis
1450 812 1639 892 deus,
1681 834 1720 875 ο
1760 816 2024 891 Musae,
2063 830 2194 875 tam
2231 835 2420 874 saeva
2459 812 2758 877 incendia
2797 818 3066 879 Teucris

1157 928 1468 1001 Avertit?
1516 951 1726 998 tantos
1768 933 2022 997 ratibus
2067 934 2214 1020 quis
2251 932 2506 1019 depulit
2550 926 2771 1023 ignes?

1168 1059 1421 1120 Dicite.
1468 1057 1685 1123 Prisca
1723 1050 1876 1119 fides
1920 1050 2091 1116 facto
2117 1098 2136 1127 ,
2167 1051 2276 1116 sed
2319 1048 2486 1115 fama
2527 1054 2852 1138 perennis.

1166 1176 1477 1260 Tempore
1517 1196 1649 1263 quo
1688 1175 1960 1261 primum
2005 1168 2294 1261 Phrygia
2332 1168 2646 1235 formabat
2690 1175 2758 1235 in
2797 1168 2918 1237 Ida

1162 1298 1408 1359 Aeneas
1448 1293 1744 1371 classem,
1781 1311 1846 1357 et
1887 1292 2104 1382 pelagi
2147 1308 2364 1377 petere
2407 1291 2540 1354 alta
2581 1290 2890 1379 parabat;

1166 1418 1315 1501 Ipsa
1354 1411 1537 1479 det‘im
1582 1411 1786 1478 fertur
1827 1416 2138 1477 Genetrix
2179 1414 2560 1499 Berecyntia
2601 1435 2894 1503 magnum

1164 1532 1450 1597 Vocibus
1490 1532 1588 1597 his
1628 1530 1849 1597 adfata
1893 1536 2142 1597 Iovem:
2187 1534 2317 1608 Da,
2360 1550 2544 1609 nate,
2580 1534 2868 1618 petenti,
2929 1612 2934 1619 Ι

1162 1652 1347 1733 Quod
1386 1670 1496 1716 tua
1535 1674 1683 1717 cara
1725 1674 1953 1739 parens
1993 1651 2236 1716 domito
2279 1669 2342 1714 te
2379 1654 2586 1738 poscit
2629 1652 2940 1741 Olympo.

1174 1774 1369 1833 Pinea
1404 1772 1571 1835 silva
1613 1772 1802 1849 mihi,
1849 1774 2078 1837 multos
2117 1770 2358 1834 dilecta
2399 1794 2512 1859 per
2539 1793 2768 1845 ann03,

1170 1892 1377 1954 Lucus
1416 1892 1483 1953 in
1526 1912 1669 1954 arce
1709 1886 1840 1953 fuit
1881 1913 2150 1969 summa,
2189 1914 2318 1980 quo
2355 1913 2532 1954 sacra
2567 1887 2889 1967 ferebant,

1174 2011 1477 2099 Nigranti
1518 2013 1702 2097 picea
1745 2009 2174 2099 trabibusque
2213 2007 2520 2074 obscurus
2559 2012 2830 2073 acernis:

1170 2131 1296 2190 Has
1336 2150 1455 2219 ego
1498 2128 1822 2193 Dardanio
1861 2134 2114 2209 iuveni,
2155 2154 2353 2219 quum
2394 2130 2611 2195 classis
2645 2146 2894 2221 egeret,

1174 2250 1372 2311 Laeta
1410 2247 1589 2314 dedi:
1630 2272 1798 2314 nunc
1839 2250 2182 2315 sollicitam
2227 2254 2414 2313 timor
2452 2252 2679 2313 anxius
2719 2266 2947 2340 urget.

1170 2367 1360 2432 Solve
1388 2385 1591 2433 metus
1609 2416 1629 2447 ,
1654 2386 1854 2458 atque
1877 2367 1996 2433 hoc
2023 2367 2318 2457 precibus
2347 2373 2482 2433 sine
2498 2390 2680 2457 posse
2699 2386 3018 2457 parentem
3037 2416 3055 2446 ,

1171 2489 1268 2550 Ne
1305 2510 1493 2551 cursu
1534 2508 1874 2576 quassatae
1915 2489 2085 2568 ulle,
2129 2512 2250 2552 neu
2293 2487 2550 2552 turbine
2588 2491 2769 2552 venti

1172 2611 1556 2674 vincantur.
1600 2614 1809 2674 Prosit
1852 2613 2084 2674 nostris
2126 2611 2189 2672 in
2233 2610 2554 2675 montibus
2591 2627 2790 2673 ortas.

1170 2727 1377 2793 Filius
1416 2726 1569 2793 huic
1610 2749 1860 2796 contra:
1905 2721 1951 2767 *¹
1987 2748 2245 2818 torquet
2281 2735 2398 2819 qui
2439 2730 2644 2794 sidera
2683 2727 2934 2794 mundi:
3011 2719 3055 2764 ²*

1170 2850 1221 2910 O
1262 2853 1605 2928 Genetrix,
1646 2872 1777 2938 quo
1821 2846 1959 2949 fata
1999 2842 2232 2914 vocas?
2275 2867 2386 2914 aut
2423 2849 2586 2938 quid
2619 2853 2787 2937 petis
2821 2841 3007 2914 istis?

1166 2966 1513 3031 Mortaline
1554 2990 1742 3032 manu
1781 2966 1992 3034 factae
2032 2969 2385 3034 immortale
2423 2969 2702 3034 carinae‘

1165 3086 1287 3146 Fas
1329 3079 1659 3149 habeant?
1700 3097 2041 3178 certusque
2085 3092 2334 3152 incerta
2366 3090 2655 3176 pericula
2693 3088 2928 3154 lustret

1175 3197 1465 3268 Aeneas?
1510 3207 1618 3268 cui
1660 3222 1845 3270 tanta
1879 3206 2000 3270 deo
2041 3211 2339 3294 permissa
2383 3201 2708 3296 potestas?

1168 3325 1367 3385 Immo
1382 3371 1400 3402 ,
1444 3323 1557 3389 ubi
1598 3321 1944 3390 defunctae
1985 3323 2166 3391 finem
2211 3346 2563 3418 portusque
2605 3325 2916 3393 tenebunt

1170 3445 1517 3520 Ausonios,
1556 3443 1708 3508 olim
1751 3441 2196 3538 quaecumque
2234 3455 2507 3514 evaserit
2547 3449 2778 3527 undaS,

1164 3561 1691 3653 Dardaniumque
1731 3565 1956 3631 ducem
2000 3571 2344 3633 Laurentia
2381 3571 2630 3634 vexerit
2672 3593 2856 3646 arva,

1164 3682 1505 3747 Mortalem
1543 3687 1814 3772 eripiam
1857 3683 2158 3767 formam,
2199 3696 2546 3783 magnique
2586 3690 2828 3756 iubebo

1158 3804 1475 3890 Aequoris
1512 3827 1647 3869 esse
1694 3805 1884 3871 deas:
1919 3809 2132 3897 qualis
2176 3811 2408 3875 Nereia
2449 3812 2656 3888 Doto,

1146 3925 1225 3984 Et
1268 3923 1536 3995 Galatea
1572 3946 1792 3996 secant
1833 3952 2242 4022 spumantem
2285 3950 2548 4021 pectore
2586 3948 2880 4020 pontum·
