3400 5175
947 606 1408 672 aunnrnos
1472 608 1645 663 mn.
1704 604 1828 659 vr.
1992 579 2137 681 159
2335 603 2382 682 9

509 761 568 821 It
603 773 840 827 comes,
883 766 946 811 et
987 741 1456 832 paribuseeuris
1492 740 1770 827 vestigia
1810 733 1984 825 figit.

511 873 720 939 Multa
763 874 939 935 inter
979 886 1114 929 sese
1153 864 1334 927 vario
1373 881 1654 923 sermone
1689 854 2017 921 serebant:

511 997 700 1073 Quem
717 991 958 1053 socium
980 984 1327 1047 exanimem
1345 996 1554 1052 vates,
1575 974 1745 1063 quod
1768 996 1993 1059 corpus
2015 967 2394 1033 humandum

509 1114 801 1175 Diceret:
845 1127 1042 1193 atque
1085 1102 1186 1165 illi
1229 1103 1542 1163 Misenum
1585 1100 1652 1160 in
1691 1095 1883 1159 litore
1922 1094 2124 1167 sicco,

511 1235 597 1293 Vt
635 1252 894 1303 venere,
935 1226 1156 1291 vident
1197 1225 1464 1312 indigna
1506 1232 1702 1281 morte
1746 1227 2131 1299 peremtum:

517 1352 824 1410 Misenum
867 1342 1214 1418 Aeoliden,
1252 1364 1384 1429 quo
1425 1363 1550 1403 non
1593 1335 2011 1423 praestantior
2047 1330 2209 1389 alter

519 1472 673 1527 Aere
712 1467 884 1527 ciere
926 1466 1128 1539 viros,
1167 1479 1559 1546 martemque
1597 1450 1943 1517 accendere
1984 1465 2207 1510 cantu.

523 1588 812 1649 Hectoris
849 1580 954 1646 hic
993 1584 1206 1670 magni
1247 1577 1460 1643 fuerat
1497 1596 1741 1650 comeS,
1786 1576 2067 1637 Hectora
2095 1568 2335 1629 circum

523 1707 600 1765 Et
638 1704 802 1771 lituo
843 1708 1084 1791 pugnae
1125 1704 1390 1790 insignis
1428 1694 1650 1760 obibat
1693 1709 1756 1754 et
1799 1688 2013 1751 hasta.

521 1825 848 1910 Postquam
891 1822 1068 1885 illum
1115 1824 1255 1883 v'ita
1294 1821 1502 1882 victor
1537 1812 1845 1900 spoliavit
1888 1805 2205 1881 Achillea,

525 1940 842 2005 Dardanio
884 1945 1134 2003 Aeneae
1173 1960 1308 2001 sese
1349 1934 1731 2001 fortissimus
1773 1929 1954 1993 heros

526 2059 878 2125 Addiderat
913 2061 1188 2134 socium,
1228 2078 1356 2120 non
1395 2053 1698 2120 inferiora
1734 2064 2079 2137 sequutus.

530 2178 642 2241 sed
686 2198 856 2255 tum,
901 2175 1066 2242 forte
1107 2200 1262 2241 cava
1289 2176 1436 2239 dum
1466 2189 1761 2261 personat
1804 2186 2085 2255 aequora
2127 2157 2404 2234 concha,

531 2298 792 2360 Demens
829 2314 891 2361 et·
935 2316 1126 2361 cantu
1167 2314 1354 2360 vocat
1397 2298 1461 2357 in
1497 2292 1845 2357 certamina
1885 2286 2103 2361 divos,

529 2414 824 2477 Aemulus
864 2432 1202 2501 exceptum
1245 2416 1473 2476 Triton
1513 2406 1612 2499 (si
1651 2408 1907 2475 credere
1946 2405 2213 2495 dignum
2252 2392 2393 2486 est)

529 2532 702 2596 Inter
747 2554 902 2596 saxa
942 2536 1144 2598 virum
1188 2552 1480 2619 spumosa
1519 2534 1907 2594 immerserat
1944 2522 2147 2588 unda.

533 2654 697 2744 Ergo
735 2675 946 2716 omnes
987 2675 1208 2743 magno
1249 2656 1492 2716 circum
1532 2648 1810 2710 clamore
1848 2640 2241 2714 fremebant3

541 2773 886 2858 Praecipue
925 2773 1068 2858 pius
1107 2776 1382 2834 Aeneas.
1421 2773 1582 2831 Tum
1625 2768 1799 2826 iussa
1837 2758 2162 2849 Sibyllae,

537 2889 722 2954 Haud
762 2913 968 2968 mora,
1007 2885 1310 2954 festinant
1355 2884 1612 2963 flentes,
1648 2902 1949 2970 aramque
1990 2875 2270 2964 sepulcri

533 3012 887 3098 Congerere
929 3005 1303 3082 arboribus,
1345 3005 1654 3092 caeloque
1695 3001 1971 3065 educere
2012 3011 2295 3060 certant.

538 3131 682 3190 Itur
718 3131 784 3192 in
821 3130 1146 3214 antiquam
1187 3127 1450 3201 silvam,
1486 3120 1747 3188 stabula
1788 3121 1921 3184 alta
1961 3115 2273 3182 ferarum:

537 3245 966 3310 Procumbunt
1007 3250 1260 3332 piceae:
1298 3262 1482 3308 sonat
1518 3245 1651 3306 icta
1694 3238 2025 3306 securibus
2063 3238 2231 3301 ilex:

543 3367 1016 3452 Fraxineaeque
1055 3363 1305 3441 trabes,
1347 3365 1566 3430 cuneis
1607 3378 1669 3424 et
1706 3358 1893 3424 fissile
1932 3356 2124 3424 robur

542 3482 906 3546 Scinditur:
951 3483 1306 3548 advolvunt
1347 3486 1637 3574 ingentes
1677 3479 1998 3544 montibus
2034 3497 2251 3542 ornos.

540 3602 798 3663 Necnon
843 3605 1078 3664 Aeneas
1117 3625 1312 3689 opera
1355 3604 1523 3668 inter
1564 3601 1727 3664 talia
1767 3601 2007 3686 primus

546 3720 861 3781 Hortatur
899 3723 1134 3798 socios,
1176 3719 1564 3808 paribusque
1602 3721 1967 3809 accingitur
2003 3714 2220 3776 armis:

546 3839 758 3924 Atque
798 3834 957 3902 haec
1002 3841 1137 3924 ipse
1177 3861 1290 3904 suo
1328 3843 1500 3903 tristi
1539 3863 1682 3906 cum
1722 3835 1913 3902 corde
1951 3832 2239 3904 volutat,

547 3955 939 4043 Adspectans
981 3957 1206 4024 silvam
1251 3961 1636 4036 immensam,
1675 3976 1741 4022 et
1780 3958 1872 4019 sic
1914 3975 2069 4016 voce
2108 3964 2435 4038 precatur:
