3400 5175
966 463 1432 523 Annnrnos
1493 463 1667 520 ΜΒ.
1731 465 1853 520 vr.
1985 440 2149 519 383
2340 466 2435 543 17

635 608 800 694 Ergo
815 606 938 667 iter
954 606 1280 687 inceptum
1295 618 1636 691 peragunt,
1648 598 1979 688 fluvioque
1994 602 2429 688 propinquant

541 727 778 787 Navita
816 745 980 810 quos
1020 726 1144 785 iam
1185 721 1332 785 inde
1369 740 1438 783 ut
1482 724 1715 811 Stygia
1754 723 2083 809 prospexit
2124 720 2207 786 ab
2246 719 2413 785 unda

541 846 658 905 Per
691 844 956 905 tacitum
999 864 1214 905 nemus
1253 843 1378 919 ire,
1421 840 1774 929 pedemque
1812 840 2145 904 advertere
2185 843 2395 929 ripae,

547 964 646 1026 Sic
690 965 867 1048 prior
910 958 1292 1051 adgreditur
1329 960 1557 1037 dictis,
1599 980 1797 1048 atque
1836 964 2123 1049 increpat
2160 961 2363 1023 ultro:

549 1085 852 1170 Quisquis
893 1104 994 1157 es,
1043 1102 1317 1144 armatus
1357 1083 1474 1167 qui
1513 1098 1726 1144 nostra
1769 1080 1849 1145 ad
1890 1079 2154 1145 flumina
2192 1080 2432 1159 tendis,

551 1204 699 1264 Fare
712 1224 834 1290 age
854 1200 1276 1288 ,quidvenias
1291 1248 1308 1277 ,
1322 1202 1444 1262 iam
1459 1203 1649 1264 istinc
1670 1219 1768 1278 ;et
1784 1204 2121 1287 comprime
2133 1225 2436 1292 gressum.

551 1316 922 1384 Vmbrarum
957 1316 1064 1381 hic
1095 1318 1273 1381 locus
1306 1337 1398 1382 est
1420 1366 1438 1394 ,
1471 1322 1719 1397 Somni,
1762 1322 2118 1409 Noctisque
2144 1342 2437 1409 soporae:

550 1441 825 1523 Corpora
862 1440 1012 1502 viva
1049 1434 1222 1501 nefas
1257 1440 1494 1527 Stygia
1537 1456 1797 1503 vectare
1838 1442 2087 1502 carina.

551 1560 677 1621 Nec
721 1579 874 1619 vero
917 1555 1184 1621 Alciden
1230 1578 1326 1620 me
1368 1580 1505 1621 sum
1545 1556 1828 1621 laetatus
1870 1576 2125 1623 euntem

549 1678 883 1761 Accepisse
925 1656 1105 1754 lacu,
1147 1698 1262 1741 nec
1304 1674 1548 1741 Thesea
1587 1674 2113 1765 Pirithoumque:

551 1794 664 1861 Dis
701 1818 1082 1884 quamquam
1125 1798 1371 1887 geniti,
1417 1818 1614 1887 atque
1654 1800 1887 1863 invicti
1927 1798 2173 1863 viribus
2212 1816 2443 1862 essent.

546 1920 918 1981 Tartareum
958 1916 1069 1980 ille
1099 1940 1289 1981 manu
1331 1919 1656 1983 custodem
1699 1922 1765 1982 in
1808 1920 2020 1984 vincla
2061 1921 2298 2006 petivit

546 2040 752 2125 Ipsius
796 2059 835 2098 a
876 2036 1036 2100 solio
1073 2042 1276 2127 regis,
1317 2042 1652 2127 traxitque
1693 2057 2097 2103 trementem:

549 2160 635 2220 Hi
675 2155 990 2221 dominam
1035 2158 1204 2219 Ditis
1246 2154 1530 2223 thalamo
1570 2159 1885 2224 deducere
1921 2156 2165 2222 adorti.

551 2280 728 2357 Quae
767 2295 992 2340 contra
1031 2276 1318 2343 breviter
1356 2275 1490 2343 fata
1526 2295 1620 2340 est
1663 2274 2053 2367 Amphrysia
2095 2293 2311 2338 vates:

553 2395 788 2459 Nullae
831 2392 941 2461 hic
980 2396 1256 2461 insidiae
1295 2397 1498 2477 tales3
1543 2395 1776 2462 absiste
1816 2396 2085 2460 moveri:

556 2517 690 2579 Nec
734 2519 866 2606 vim
909 2518 1040 2579 tela
1079 2512 1328 2582 ferunt:
1369 2519 1526 2583 licet
1567 2520 1793 2609 ingens
1834 2518 2073 2580 ianitor
2113 2530 2295 2576 antro

557 2638 902 2700 Aeternum
943 2636 1184 2702 latrans
1221 2661 1579 2730 exsangues
1620 2651 1859 2699 terreat
1900 2631 2186 2696 umbras:

561 2757 746 2820 Casta
785 2756 939 2822 licet
979 2762 1194 2844 patrui
1233 2774 1444 2824 servet
1483 2757 1861 2841 Proserpina
1902 2751 2132 2817 limen.

561 2879 796 2939 Troius
830 2881 1100 2956 Aeneas,
1143 2883 1389 2967 pietate
1427 2877 1694 2968 insignis
1734 2890 1798 2937 et
1836 2873 2057 2948 armis,

563 2995 660 3060 Ad
699 2999 1056 3087 genitorem
1101 3002 1260 3062 imas
1301 2997 1496 3062 Erebi
1535 2993 1865 3061 descendit
1908 2991 1989 3060 ad
2028 2987 2312 3054 umbras.

565 3119 634 3182 Si
677 3135 742 3182 te
783 3119 960 3182 nulla
1003 3138 1210 3184 movet
1253 3137 1472 3183 tantae
1509 3119 1773 3205 pietatis
1814 3119 2063 3204 imago,

571 3239 653 3300 At
673 3259 912 3302 ramum
931 3236 1100 3304 hunc
1131 3233 1378 3328 (aperit
1404 3261 1642 3302 ramum
1671 3239 1785 3326 qui
1804 3253 1978 3300 veste
2004 3226 2297 3320 latebat)

569 3355 966 3448 Adgnoscas.
1005 3360 1276 3424 Tumida
1315 3383 1395 3424 ex
1440 3363 1534 3423 ira
1579 3377 1715 3422 tum
1751 3357 1941 3423 corda
1982 3353 2305 3427 residunt3

572 3480 704 3542 Nec
747 3480 934 3565 plura
971 3477 1102 3544 his.
1143 3481 1266 3546 Ille
1306 3456 2032 3545 admirans'venexabile
2074 3473 2305 3538 donum

576 3599 810 3662 Fatalis
850 3602 1103 3691 virgae,
1146 3600 1341 3692 longo
1382 3618 1520 3688 post
1560 3618 1841 3684 tempore
1876 3599 2117 3670 visum,

573 3720 945 3783 caeruleam
985 3721 1268 3785 advertit
1311 3724 1608 3808 puppim,
1652 3721 1959 3804 ripaeque
2000 3708 2424 3799 propinquat-

573 3835 732 3902 Inde
769 3837 926 3902 alias
969 3843 1236 3918 animas,
1276 3861 1444 3926 quae
1487 3859 1600 3927 pet
1643 3839 1797 3927 iuga
1840 3833 2037 3922 longa
2072 3827 2409 3902 sedebant,
