3400 5175
975 597 1082 680 42
1575 595 2279 651 ·P.v1R‹;1L11
2530 574 2673 653 131

1073 736 1251 813 Quae
1275 731 1451 808 loca,
1475 735 1675 819 quive
1693 728 1969 795 habeant
1988 730 2271 794 homines
2288 778 2305 808 ‚
2332 728 2443 793 ubi
2466 736 2709 794 moenia
2732 735 2946 824 gentis
2966 782 2987 811 ,

1083 856 1516 943 VestigemuS,
1557 870 1623 915 et
1662 876 1698 915 a
1748 868 1941 937 portu
1979 851 2231 915 diversa
2277 870 2599 937 petamus.

1083 976 1272 1037 Nunc
1315 988 1567 1061 pateras
1611 972 1819 1036 libate
1862 975 2045 1050 Iovi,
2090 971 2520 1060 precibusque
2562 990 2792 1036 vocate

1081 1090 1400 1155 Anchisen
1436 1094 1789 1181 genitorem
1813 1140 1829 1167 ,
1875 1112 1939 1154 et
1977 1095 2135 1156 vina
2172 1095 2462 1179 reponite
2506 1097 2767 1157 mensis.

977 1240 984 1249 ·
1080 1215 1184 1276 Sic
1222 1210 1453 1277 deinde
1490 1210 1727 1275 effatus
1766 1210 2091 1276 frondenti
2134 1228 2421 1298 tempora
2462 1235 2635 1275 ramo

1089 1332 1420 1420 Implicat‚
1457 1352 1521 1396 et
1563 1337 1970 1420 Geniumque
2008 1330 2175 1407 loci,
2220 1333 2613 1419 primamque
2653 1330 2917 1395 deorum

1083 1452 1440 1533 Tellurem,
1485 1452 1957 1543 nymphasque,
1998 1470 2061 1515 et
2104 1450 2315 1516 adhuc
2353 1454 2575 1544 ignota
2616 1472 2914 1539 precatur

1088 1575 1411 1639 Flumina:
1459 1592 1590 1638 tum
1637 1578 1903 1637 Noctem
1933 1621 1952 1652 ,
1984 1575 2341 1660 Noctisque
2384 1576 2653 1636 orientia
2694 1575 2925 1661 Signa,

1093 1692 1493 1781 Idaeumque
1519 1698 1733 1756 Iovem
1756 1740 1773 1769 ,
1804 1691 2286 1782 Phrygiamque
2315 1716 2391 1756 ex
2423 1692 2644 1756 ordine
2679 1698 2985 1767 Matrem,

1093 1818 1401 1891 Invocat,
1445 1832 1508 1877 et
1549 1812 1840 1901 duplices
1878 1813 2201 1900 Caeloque
2241 1796 2578 1901 Ereboque
2616 1834 2905 1899 parentes
2929 1858 2945 1874 .

1097 1936 1218 1997 mc
1263 1936 1448 1995 Pater
1489 1938 1887 2019 omnipotens
1926 1954 2025 1997 ter
2064 1934 2245 1999 caelo
2285 1934 2495 1997 clarus
2534 1931 2612 1996 ab
2654 1932 2782 1995 alto

1097 2056 1424 2117 Intonuit:
1469 2052 1795 2141 radiisque
1838 2054 2159 2118 ardentem
2198 2052 2364 2118 lucis
2404 2072 2466 2116 et
2510 2076 2665 2116 auro

1099 2176 1243 2258 Ipse
1278 2194 1460 2235 manu
1505 2178 1807 2261 quatiens
1848 2174 2125 2239 ostendit
2168 2174 2247 2238 ab
2294 2172 2553 2237 aethere
2600 2172 2864 2235 nubem.

1098 2291 1358 2355 Diditur
1404 2290 1505 2355 hic
1544 2292 1763 2357 subito
1806 2297 2087 2357 Troiana
2131 2316 2243 2381 per
2284 2296 2539 2383 agmina
2576 2314 2817 2367 rumor,

1099 2410 1448 2475 Advenisse
1489 2409 1691 2490 diem,
1730 2436 1861 2500 qno
1902 2413 2121 2478 debita
2168 2418 2411 2477 moenia
2453 2412 2755 2477 condant.

1099 2536 1405 2597 Certatim
1451 2538 1807 2600 instaurant
1848 2536 2104 2623 epulae,
2148 2555 2347 2623 atque
2387 2541 2593 2600 omine
2636 2554 2861 2624 magno

1097 2659 1387 2719 Crateras
1427 2657 1580 2720 laeti
1624 2675 1947 2733 statuunt,
1992 2676 2054 2719 et
2097 2661 2247 2719 vina
2286 2675 2623 2720 coronant.

1197 2781 1460 2841 Postera
1503 2802 1700 2868 quum
1745 2779 1947 2864 prima
1989 2777 2307 2840 lustrabat
2352 2776 2641 2863 lampade
2685 2796 2887 2839 terrae

1099 2900 1256 2959 Orta
1294 2896 1465 2972 dies,
1507 2895 1722 2959 urbem
1769 2915 1831 2958 et
1875 2893 2059 2974 fineS,
2100 2917 2163 2960 et
2210 2899 2403 2962 litora
2442 2902 2649 2987 gentis

1099 3019 1354 3079 Diversi
1401 3017 1778 3102 explorant:
1821 3014 1975 3081 haec
2020 3016 2214 3081 fontis
2256 3039 2485 3108 stagna
2528 3020 2817 3094 Numici,

1099 3139 1287 3200 Hunc
1315 3135 1627 3226 Thybrim
1659 3135 1923 3200 fluvium
1946 3184 1964 3213 ,
1994 3135 2100 3202 hic
2123 3135 2322 3202 fortes
2352 3137 2643 3202 habitare
2673 3140 2961 3199 LatInoS.

1101 3261 1262 3322 Tum
1304 3277 1479 3322 satus
1523 3256 1793 3322 Anchisa
1833 3259 2115 3323 delectos
2156 3259 2375 3322 ordine
2416 3257 2498 3322 ab
2540 3261 2709 3320 omni

1101 3381 1372 3441 Centum
1415 3399 1694 3443 oratores
1734 3399 2009 3472 augusta
2054 3379 2131 3442 ad
2174 3381 2415 3442 moenia
2461 3381 2630 3468 regis

1101 3502 1208 3562 Ire
1248 3499 1462 3576 iubet,
1509 3503 1698 3563 ramis
1740 3500 1984 3563 velatos
2028 3498 2305 3562 Palladis
2345 3517 2593 3575 omne23

1105 3623 1416 3708 Donaque
1457 3615 1626 3683 ferre
1667 3623 1846 3696 viro,
1892 3643 2239 3708 pacemque
2282 3641 2628 3706 exposcere
2666 3620 2971 3682 Teucris.

1105 3740 1293 3805 Haud
1335 3762 1542 3805 mora:
1585 3737 1889 3804 festinant
1932 3744 2123 3818 iussi,
2171 3740 2535 3828 rapidisque
2578 3735 2870 3803 feruntur

1103 3860 1434 3925 PassibnS.
1477 3838 1623 3948 Ipse
1665 3859 1895 3924 humili
1940 3859 2229 3950 designat
2274 3861 2515 3922 moenia
2562 3855 2761 3933 fossa,

1103 3981 1506 4072 Moliturque
1547 3981 1785 4046 locum:
1826 3983 2195 4069 primasque
2236 3983 2301 4043 in
2346 3981 2535 4043 litore
2578 3977 2755 4041 sedes
2780 4024 2796 4052 ,
