3400 5175
972 580 1129 655 268
1729 604 1778 657 c
1831 606 1862 656 1
1911 603 1962 655 n
2011 604 2043 655 1
2094 606 2170 659 s.
2355 582 2516 686 527

1064 732 1368 797 Reddidit
1407 751 1686 819 optatam
1728 752 1972 796 mutato
2009 756 2274 821 corpore
2312 738 2554 813 vitam,

1063 854 1243 915 Fecit
1286 868 1351 913 et
1390 854 1455 915 in
1496 854 1679 915 terris
1723 852 2086 915 Haliaeetus
2127 853 2258 916 ales
2300 873 2374 915 ut
2414 874 2611 917 esset.

1066 973 1319 1055 Quippe
1356 969 1596 1057 aquilis
1632 992 1877 1055 semper
1915 970 2152 1059 gaudet
2193 970 2346 1035 deus
2389 972 2499 1035 ille
2539 978 2855 1039 coruscis,

1066 1092 1235 1151 Huic
1278 1110 1427 1151 vero
1471 1090 1761 1165 miserae,
1805 1112 1998 1177 quum
2043 1092 2166 1152 iam
2206 1088 2505 1154 damnata
2547 1091 2806 1157 deorum

2907 956 2926 987 Ι

1068 1206 1355 1285 Iudicio,
1398 1190 1726 1295 patrisque
1765 1230 1828 1281 et
1871 1208 2165 1296 coniugis
2204 1228 2353 1270 ante
2393 1206 2658 1289 fuisset,

1068 1324 1297 1390 Infesti
1338 1332 1633 1414 apposuit
1672 1327 1888 1390 odium
1927 1326 2187 1391 crudele
2228 1330 2538 1413 parentis.

1070 1448 1360 1533 Namque
1388 1464 1457 1509 ut
1484 1450 1549 1509 in
1576 1445 1865 1509 aetherio
1891 1449 2210 1535 signorum
2237 1446 2475 1509 lumine
2505 1465 2857 1534 praestans,
2901 1484 2905 1487 -

1072 1568 1279 1627 Vnum
1320 1589 1507 1652 quem
1546 1566 1794 1652 duplici
1833 1566 2156 1629 stellatum
2197 1562 2403 1628 sidere
2445 1564 2612 1643 vidi,

1070 1688 1368 1771 Scorpius
1406 1686 1668 1749 alternis
1710 1685 1947 1749 clarum
1989 1680 2174 1773 fugat
2219 1684 2482 1745 Oriona:

1071 1808 1175 1867 Sic
1220 1808 1383 1869 inter
1420 1828 1553 1869 sese
1596 1808 1807 1869 tristes
1849 1804 2214 1867 Haliaeetus
2253 1804 2410 1877 iras,

1074 1928 1153 1986 Et
1198 1928 1397 2001 Ciris,
1440 1929 1695 1989 memori
1733 1942 1987 1988 servant
2026 1920 2104 1985 ad
2145 1920 2399 1983 saecula
2437 1915 2606 1981 fate.

1072 2048 1479 2130 Quacumque
1518 2044 1631 2107 ille
1670 2046 1871 2107 levem
1913 2040 2166 2131 fugiens
2203 2059 2376 2102 secat
2419 2036 2674 2101 aethera
2705 2040 2950 2122 pennis,

1075 2166 1241 2225 Ecce
1276 2165 1569 2227 iuimicus
1609 2183 1794 2227 atrox
1839 2182 2064 2250 magno
2101 2156 2374 2221 stridore
2416 2177 2526 2242 per
2569 2176 2750 2217 auras

1076 2282 1443 2367 Insequitur
1485 2284 1712 2359 Nisus,
1752 2303 1880 2369 qua
1915 2301 1978 2343 se
2019 2275 2142 2341 fert
2187 2278 2376 2339 Nisus
2417 2273 2498 2337 ad
2535 2295 2748 2347 auras,

1076 2398 1201 2463 Illa
1246 2400 1447 2465 levem
1484 2397 1742 2493 fugiens
1783 2402 2224 2488 raptim-secat
2268 2390 2527 2455 aethera
2569 2394 2828 2478 pennis.
