3400 5175
1042 586 1500 643 Aznmnos
1566 589 1740 642 mn.
1803 589 1972 642 ΧΗ.
2061 564 2220 640 888
2345 566 2504 643 225

626 726 767 788 Non
807 742 1028 799 cursu,
1070 724 1277 785 saevis
1310 718 1681 785 certandum
1725 740 1818 785 est
1859 725 2204 784 comminus
2245 723 2470 784 armis·

533 866 539 873 ·
624 844 819 905 Verte
859 863 1071 906 omnes
1110 858 1243 904 tete
1278 844 1349 903 in
1391 837 1623 917 faciem,
1663 858 1728 903 et
1767 838 2102 917 contrahe,
2140 840 2468 929 quidquid

626 962 773 1024 Sive
815 962 1073 1035 animis,
1114 962 1249 1022 sive
1290 978 1423 1022 arte
1461 958 1675 1034 vales;
1721 976 1872 1045 opta
1915 958 2112 1021 ardua
2153 964 2376 1047 pennis

626 1084 815 1142 Astra
851 1080 1065 1166 sequi,
1104 1077 1477 1142 clausumve
1518 1100 1672 1141 cava
1715 1094 1778 1139 te
1821 1076 2088 1140 condere
2133 1099 2334 1141 terra.

629 1196 753 1260 Ille
788 1214 983 1283 caput
1020 1218 1359 1285 quassans:
1404 1199 1543 1260 Non
1584 1218 1677 1258 me
1719 1215 1826 1257 tua
1867 1192 2114 1259 fervida
2155 1214 2392 1262 terrent

632 1319 853 1391 Dicta,
895 1311 1105 1379 ferox:
1154 1316 1220 1380 di
1265 1338 1361 1379 me
1402 1332 1674 1391 terrent,
1713 1334 1776 1376 et
1817 1319 2112 1401 Iuppiter
2151 1314 2388 1381 hostis.

630 1438 760 1497 Nec
802 1434 988 1522 plura
1027 1432 1291 1513 effatus,
1334 1458 1551 1498 saxum
1590 1436 2030 1518 circumspicit
2076 1437 2336 1525 ingen83

633 1558 868 1619 Saxum
906 1558 1273 1647 antiquntn,
1316 1558 1569 1645 ingens,
1608 1573 1826 1637 campo
1865 1555 1979 1639 qui
2021 1550 2198 1617 forte·
2225 1556 2474 1621 iacebat

636 1676 839 1735 Limes
876 1695 1031 1763 agro
1073 1678 1347 1760 positus,
1390 1674 1567 1735 litem
1610 1691 1682 1733 ut
1722 1671 2106 1735 discerneret
2151 1678 2348 1739 arvis.

636 1794 761 1855 Vix
802 1790 967 1855 illud
1010 1792 1161 1855 lecti
1208 1792 1303 1857 bis
1342 1816 1452 1855 sex
1498 1793 1748 1853 cervice
1787 1788 2114 1869 subirent,

636 1909 859 1989 Qualia
898 1932 1065 1974 nunc
1108 1908 1426 1973 hominum
1472 1909 1770 1995 producit
1815 1932 2076 1995 corpora
2118 1912 2348 1975 tellus.

638 2026 760 2090 Ille
798 2052 979 2091 manu
1019 2033 1268 2115 raptum
1312 2028 1563 2115 trepida
1610 2028 1947 2117 torquebat
1991 2033 2059 2093 in
2098 2028 2368 2109 hostem,

642 2146 849 2209 Altior
890 2150 1244 2237 insurgens,
1288 2166 1350 2210 et
1391 2169 1579 2212 cursu
1621 2153 1909 2213 concitus
1950 2147 2164 2211 heros,

642 2264 760 2329 Sed
802 2288 1005 2354 neque
1045 2286 1401 2332 currentem
1442 2290 1539 2345 se,
1581 2290 1693 2331 nec
1733 2271 2060 2359 cognoscit
2103 2286 2393 2347 euntem,

640 2382 1077 2449 Tollentemve
1120 2408 1307 2449 manu
1348 2408 1699 2472 saxumque
1740 2390 2009 2449 immane
2053 2406 2434 2453 moventem:

642 2506 863 2567 Genua
899 2502 1157 2583 labant;
1204 2504 1459 2596 gelidus
1499 2506 1827 2567 concrevit
1862 2500 2102 2596 frigore
2139 2510 2422 2597 sanguia.

642 2627 800 2686 Tum
842 2623 1003 2709 lapis
1042 2625 1179 2710 ipse
1219 2627 1379 2700 viri,
1417 2644 1683 2688 vacuum
1725 2644 1838 2709 per
1875 2625 2064 2699 inane
2101 2625 2394 2704 volutus,

645 2744 775 2807 Nec
820 2745 1095 2828 spatium
1138 2747 1341 2806 evasit
1384 2761 1625 2818 totum,
1666 2762 1778 2804 nec
1819 2740 2364 2827 pertulitictum.

645 2864 735 2922 Ac
777 2859 957 2922 velut
996 2862 1061 2922 in
1097 2865 1366 2937 somnis,
1411 2862 1629 2925 oculos
1670 2859 1784 2926 ubi
1825 2840 2134 2949 languida
2174 2862 2403 2947 pressit

586 2955 593 2962 ’
642 2979 849 3040 Nocte
888 2981 1105 3065 quies,
1147 2979 1577 3068 nequidquam
1616 2976 1842 3041 avidos
1879 2977 2220 3042 extendere
2258 3001 2480 3043 cursus

644 3097 831 3160 Velle
871 3096 1191 3174 videmur,
1232 3119 1295 3161 et
1341 3102 1403 3162 in
1446 3098 1666 3164 mediis
1707 3095 2046 3162 conatibus
2085 3101 2262 3190 aegri

648 3213 1085 3288 Succidimus;
1125 3239 1246 3278 non
1288 3216 1513 3306 lingua
1549 3216 1761 3291 valet,
1804 3237 1926 3279 non
1969 3237 2232 3304 corpore
2271 3235 2454 3282 notae

650 3329 981 3398 Sufficiunt
1022 3337 1227 3410 vireS,
1264 3356 1379 3398 nec
1420 3356 1545 3398 vox
1589 3353 1700 3396 aut
1727 3331 1940 3398 -verba
1981 3354 2370 3424 sequuntur:

646 3455 749 3516 Sic
788 3455 1036 3527 Turno,
1076 3475 1481 3541 quacumque
1524 3455 1689 3516 viam
1730 3456 1974 3517 virtute
2013 3456 2286 3541 petivit,

648 3575 1015 3636 Successum
1056 3570 1174 3636 dea
1215 3571 1353 3636 dira
1395 3591 1617 3663 negat.
1658 3575 1820 3636 Tum
1863 3591 2122 3659 pectore
2155 3594 2367 3636 sensus

650 3695 1009 3754 vertuntur
1046 3691 1247 3754 varii.
1290 3691 1570 3754 Rutulos
1609 3689 1977 3778 adspectat,
2017 3710 2080 3754 et
2121 3691 2372 3766 urbem,

654 3811 1131 3894 Cunctatnrque
1176 3827 1385 3886 metu,
1426 3810 1757 3897 telumque
1796 3813 2034 3872 instare
2078 3811 2419 3872 tremiscit:

654 3929 787 3989 Nec
823 3948 951 4012 quo
992 3949 1057 3990 ae
1098 3929 1373 4014 eripiat,
1421 3951 1531 3993 nec
1573 3949 1704 4015 qua
1742 3933 1808 3992 vi
1851 3924 2069 4005 tendat
2107 3929 2172 3989 in
2211 3923 2492 4003 hostem,

2216 4018 2276 4068 ιδ

754 4123 763 4169 1
