3400 5175
1013 632 1175 681 210
1646 620 1718 672 Ρ.
1815 619 2357 675 vrncrnrr
2575 598 2738 703 468

1102 760 1242 819 Hoc
1282 772 1581 817 concussa
1622 766 1790 813 metu
1831 769 2090 819 mentem
2135 756 2404 817 Iuturna
2445 757 2668 847 virago

1096 875 1403 962 Aurigam
1443 873 1641 933 Turni
1685 869 1892 933 media
1933 874 2098 934 inter
2141 872 2275 936 lora
2315 880 2652 939 Metiscum

1100 995 1403 1066 Excutit,
1441 1006 1506 1053 et
1548 989 1736 1079 longe
1775 988 2027 1076 lapsum
2067 1008 2313 1056 temone
2356 993 2700 1081 relinquit:

1106 1115 1259 1197 Ipsa
1299 1106 1506 1184 subit,
1544 1106 1957 1195 manibusque
1995 1108 2304 1173 undantes
2345 1108 2550 1175 flectit
2587 1110 2898 1189 habenas,

1100 1232 1351 1293 Cuncta
1378 1248 1635 1317 gerens,
1658 1248 2004 1313 vocemque
2029 1246 2094 1291 et
2116 1249 2354 1323 corpus,
2369 1246 2432 1291 et
2460 1212 2653 1308 arma,
2678 1233 2928 1293 Metisci
2945 1275 2963 1292 .

1098 1350 1305 1438 Nigra
1344 1345 1525 1409 velut
1566 1366 1824 1434 magnas
1861 1344 2100 1409 domini
2141 1370 2338 1435 quum
2377 1348 2602 1411 divitis
2642 1347 2826 1412 aedes

1105 1464 1438 1542 Pervolat,
1478 1480 1540 1526 et
1584 1466 1808 1549 pennis
1847 1461 1981 1527 alta
2019 1470 2184 1530 atria
2223 1466 2449 1531 lustrat
2491 1465 2797 1542 hirundo,

1100 1582 1346 1651 Pabula
1387 1605 1583 1671 parva
1622 1584 1874 1673 legens,
1913 1583 2211 1671 nidisque
2249 1583 2624 1671 loquacibus
2661 1603 2873 1661 escas;

1106 1708 1199 1766 Et
1232 1726 1399 1767 nunc
1441 1702 1803 1800 porticibus
1845 1706 2096 1781 vacuis,
2139 1725 2303 1767 nunc
2344 1701 2606 1765 humida
2643 1707 2872 1767 circum

1104 1826 1341 1911 Stagna
1380 1838 1587 1884 sonat:
1630 1821 1860 1885 similis
1905 1822 2136 1885 medios
2177 1824 2442 1885 Iuturna
2483 1844 2594 1907 per
2630 1819 2839 1884 hostes

1104 1944 1333 2003 Fertur
1375 1942 1589 2027 equis,
1634 1939 1988 2027 rapidoque
2029 1936 2247 2004 volans
2285 1936 2424 2003 obit
2459 1942 2670 2001 omnia
2707 1956 2932 2014 ωτι-ηις

1104 2060 1367 2145 Iamque
1394 2054 1501 2121 hic
1532 2079 1896 2147 germanum
1911 2105 1930 2135 ,
1958 2060 2208 2145 iamque
2226 2054 2332 2121 hic
2353 2075 2630 2122 ostentat
2652 2076 2976 2135 ovantem;

1105 2179 1240 2240 Nec
1280 2171 1579 2240 conferre
1604 2196 1850 2239 manum
1892 2176 2393 2263 patiturzffolat
2433 2178 2582 2265 avia
2616 2176 2840 2265 longe.

1108 2292 1302 2359 Haud
1340 2298 1542 2357 minua
1581 2298 1822 2357 Aeneas
1862 2312 2064 2359 tortos
2102 2294 2260 2383 legit
2305 2294 2531 2359 obvius
2569 2294 2782 2371 orbes,

1108 2410 1535 2503 Vestigat'que
1575 2418 1781 2491 virum
1805 2460 1822 2489 ,
1861 2432 1925 2475 et
1967 2411 2234 2476 disiecta
2273 2434 2386 2498 per
2422 2414 2670 2503 agmina
2707 2434 2930 2503 magna

1104 2534 1278 2598 Voce
1316 2549 1544 2596 vocat.
1593 2533 1852 2622 Quoties
1891 2530 2109 2596 oculos
2147 2533 2422 2597 coniecit
2465 2534 2530 2596 in
2569 2529 2844 2610 hostem,

1106 2652 1578 2740 Alipednmque
1618 2649 1834 2742 fugam
1871 2673 2059 2714 cursu
2104 2652 2380 2714 tentavit
2421 2671 2760 2738 equorum;

1108 2777 1379 2836 Aversos
1414 2775 1603 2836 toties
1640 2793 1865 2835 currus
1905 2775 2173 2833 Iuturna
2207 2773 2494 2832 retorsit.

1104 2891 1247 2952 Heu
1274 2937 1293 2966 ,
1318 2889 1479 2977 quid
1505 2884 1682 2976 agat!
1715 2891 1892 2952 vario
1919 2887 2344 2976 nequidquam
2373 2885 2639 2952 fluctuat
2666 2903 2878 2965 aestu3

1106 3009 1537 3096 Diversaeque
1568 3026 1802 3071 vocant
1845 3011 2118 3072 animum
2155 3011 2221 3069 in
2261 3009 2582 3070 contraria
2621 3027 2845 3070 curae.

1106 3129 1275 3190 Huic
1317 3131 1671 3211 Messapus,
1715 3128 1815 3188 uti
1855 3127 2040 3190 laeva
2077 3126 2201 3190 duo
2241 3123 2407 3188 forte
2446 3124 2704 3215 gerebat

1112 3247 1346 3321 Lenta,
1386 3243 1585 3310 laevis
1623 3266 1845 3321 cursu,
1886 3241 2162 3332 praefixa
2203 3243 2468 3306 hastilia
2505 3240 2706 3320 ferro,

1113 3365 1353 3425 Horum
1395 3385 1585 3426 unum
1628 3381 1804 3427 certo
1840 3384 2261 3450 contorquens
2298 3361 2526 3451 dirigit
2567 3365 2738 3425 ictu.

1117 3479 1426 3545 Substitit
1458 3485 1730 3557 Aeneas,
1768 3501 1832 3546 et
1869 3505 1935 3546 se
1973 3482 2242 3572 collegit
2279 3483 2345 3544 in
2385 3501 2595 3556 arma,

1110 3601 1366 3687 Poplite
1406 3599 1766 3666 subsidens:
1808 3603 2048 3688 apicem
2093 3617 2302 3662 tamen
2341 3599 2546 3661 incita
2583 3616 2885 3659 summum

1111 3723 1311 3784 Hasta
1355 3721 1545 3796 tulit,
1589 3742 1981 3808 summasque
2019 3725 2296 3782 excussit
2340 3717 2578 3778 vertice
2617 3715 2877 3776 cristas.

1119 3841 1283 3906 Tum
1322 3861 1469 3904 vero
1509 3838 1858 3928 adsurgunt
1899 3841 2061 3914 irae,
2101 3835 2480 3920 insidiisque
2519 3828 2853 3907 subactus,

1118 3957 1414 4032 ‚Diversos
1449 3955 1561 4020 ubi
1603 3960 1798 4021 sensit
1837 3977 2034 4044 equos
2072 3973 2453 4042 currumque
2492 3947 2756 4027 referri,
