3400 5175
1036 688 1762 745 CATALEGTA·
2223 694 2382 771 279

1314 942 1485 1002 XII.

512 1131 881 1266 Adspice,
917 1200 1105 1265 quem
1144 1176 1360 1241 valido
1402 1154 1744 1241 subnixum
1788 1179 1996 1269 gloria
2031 1202 2226 1271 regno

611 1299 823 1360 Altius
860 1316 921 1361 et
962 1297 1127 1360 caeli
1164 1295 1421 1361 sedibus
1460 1299 1814 1376 extulerat,

512 1421 845 1481 Terrarum
886 1415 989 1479 hie
1032 1416 1203 1481 bello
1249 1412 1539 1505 mag'num
1584 1436 1986 1480 concusserat
2028 1416 2284 1496 orbem;

609 1538 731 1600 Hic
772 1559 949 1626 reges
990 1539 1174 1599 Asiae
1209 1533 1521 1625 fregerat,
1562 1558 1625 1599 et
1668 1537 1974 1623 popu1083

512 1659 631 1719 Hic
670 1678 866 1747 grave
906 1660 1236 1720 servitium
1278 1656 1435 1734 tibi,
1478 1660 1598 1718 iam
1641 1656 1798 1732 tibi,
1845 1659 2069 1733 Roma,
2110 1652 2380 1733 ferebat;

605 1779 833 1839 Cetera
871 1798 1138 1863 namque
1174 1780 1299 1839 viri
1340 1774 1604 1862 cuspide
1646 1774 2089 1839 conciderant:

513 1898 714 1974 Quum
756 1894 969 1959 subito
1008 1900 1072 1957 in
1116 1895 1323 1961 medio
1360 1918 1561 1958 rerum
1604 1897 1945 1959 certamine
1987 1916 2288 1981 praeceps

609 2016 897 2089 Corruit,
938 2036 971 2075 e
1013 2017 1221 2101 patria
1265 2014 1481 2099 pulsus
1520 2017 1585 2078 in
1624 2014 1952 2077 exsilium.

514 2130 667 2194 Tale
708 2130 859 2194 deae
902 2154 1165 2196 numen:
1208 2133 1325 2195 tali
1366 2134 1657 2196 mortalia
1698 2154 1856 2197 nutu

612 2250 827 2315 Fallax
872 2271 1182 2315 momento
1224 2257 1535 2341 temporis
1565 2250 1722 2317 hora
1760 2256 2018 2341 premit.

1288 2491 1345 2549 X
1365 2491 1395 2549 I
1418 2491 1513 2551 II.

516 2673 987 2815 Quocumque
1030 2725 1123 2785 ire
1168 2717 1377 2786 ferunt
1420 2725 1632 2785 variae
1670 2743 1778 2784 nos
1824 2743 2104 2808 tempora
2145 2727 2352 2803 vitae,

614 2847 902 2931 Tangere
944 2864 1099 2929 quas
1136 2859 1373 2918 terras,
1418 2863 1708 2928 quosque
1749 2839 1968 2902 videre
2004 2839 2322 2922 hominen

518 2963 915 3046 Dispeream,
961 2965 1012 3023 si
1058 2981 1119 3024 te
1158 2958 1353 3025 fuerit
1396 2958 1549 3024 mihi
1595 2961 1799 3023 carior
1841 2960 2036 3024 alter:

617 3080 801 3142 Alter
838 3085 1001 3142 enim
1040 3082 1183 3167 quis
1221 3098 1287 3144 te
1326 3079 1579 3145 dulcior
1621 3101 1752 3142 esse
1795 3074 2051 3168 potest?

518 3201 635 3262 Cui
678 3203 892 3261 Venus
936 3219 1083 3262 ante
1124 3201 1319 3277 aliua,
1357 3200 1531 3277 divi,
1569 3197 1915 3287 divfimque
1957 3223 2227 3278 sorores,

614 3321 890 3396 Cuncta,
932 3341 1134 3407 neque
1171 3319 1475 3411 indigno,
1517 3325 1738 3397 Musa,
1778 3318 2002 3384 dedere
2045 3320 2241 3397 bona;

520 3441 761 3503 Cuncta
777 3438 1009 3526 quibus
1026 3439 1262 3528 gaudet
1282 3437 1519 3502 Phoebi
1533 3437 1782 3516 chorus,
1801 3441 2063 3528 ipseque
2083 3439 2392 3506 Phoebus:

612 3561 877 3622 Doctior
919 3580 955 3620 o
992 3562 1139 3646 quis
1184 3577 1269 3635 te,
1326 3563 1542 3634 Musa,
1580 3553 1772 3621 fuisse
1810 3551 2062 3644 potest?

516 3681 569 3739 Ο
608 3681 755 3764 quis
798 3697 859 3740 te
902 3679 967 3739 in
1010 3680 1197 3740 terris
1238 3677 1527 3764 loquitur
1568 3677 1905 3740 iucundior
1945 3669 2118 3738 uno?

611 3795 755 3860 Clio
798 3815 921 3858 tam
968 3812 1141 3859 certe
1182 3795 1457 3861 candida
1502 3819 1622 3859 non
1665 3797 1988 3882 loquitur.

523 3918 727 3995 Quare
768 3915 931 3980 illud
972 3918 1128 3978 satis
1164 3935 1259 3979 est
1302 3920 1351 3978 si
1397 3934 1461 3979 te
1504 3918 1824 4003 permittis
1864 3916 2097 3991 amari;

623 4037 762 4097 Non
804 4055 1025 4098 contra
1066 4055 1134 4098 ut
1177 4039 1259 4099 sit
1297 4057 1466 4100 amor
1512 4055 1765 4099 mutuus
1807 4032 1954 4098 inde
1997 4031 2186 4098 mihi.
