3400 5175
972 516 1127 603 194
1603 516 1677 569 ι».
1761 476 2281 573 ν’ῐιιοιιιι
2595 523 2696 573 20

1056 655 1315 715 Virtute
1351 670 1724 733 exsuperas,
1777 668 1954 713 tanto
1995 674 2089 713 me
2129 654 2471 737 impensius
2512 674 2784 739 aequum
2827 670 2924 718 est

1052 767 1427 844 Consulere,
1456 786 1650 854 atque
1674 790 1887 831 omnes
1917 786 2296 831 metuentem
2326 768 2684 855 expendere
2717 792 2926 833 casus.

1050 894 1209 952 Sunt
1252 886 1375 950 tibi
1415 908 1609 975 regna
1652 890 1850 971 patris
1891 890 2141 963 Dauni,
2171 905 2317 948 sunt
2361 886 2600 973 oppida
2637 906 2825 973 capta

1056 1006 1269 1071 Multa
1285 1026 1491 1083 mauu;
1512 1026 1623 1067 nec
1647 1026 1768 1067 non
1787 1026 2138 1091 aurumque
2163 1009 2532 1093 animusque
2559 1010 2786 1069 Latino
2803 1023 2922 1083 est;

1052 1132 1214 1191 Sunt
1252 1124 1419 1187 aliae
1462 1128 1771 1209 innuptae
1813 1126 1998 1188 Latio
2033 1144 2097 1187 et
2134 1122 2558 1189 Laurentibus
2598 1128 2808 1213 agris,

1046 1250 1181 1311 Nec
1224 1267 1423 1337 genus
1446 1244 1810 1309 indecores.
1850 1248 1998 1309 Sine
2031 1265 2123 1309 me
2161 1240 2316 1307 haec
2345 1240 2516 1309 haud
2539 1243 2754 1307 mollia
2783 1238 2924 1307 fatu

1052 1364 1332 1428 Sublatis
1374 1366 1622 1449 aperire
1664 1362 1870 1441 dolis;
1905 1362 2095 1425 simul
2135 1359 2256 1425 hoc
2293 1364 2501 1424 animo
2543 1360 2764 1425 hauri.

1052 1488 1160 1547 Me
1202 1502 1415 1546 natam
1456 1482 1618 1546 nulli
1660 1492 1941 1547 veterum
1981 1484 2223 1545 sociare
2263 1502 2595 1567 procorum

1052 1606 1169 1667 Fas
1208 1622 1340 1666 erat
1359 1648 1378 1680 ,
1404 1600 1602 1689 idque
1626 1623 1838 1675 ornnes
1857 1599 2125 1687 divique
2151 1598 2560 1686 hominesque
2589 1596 2927 1663 canebant.

1054 1724 1283 1785 Victus
1322 1742 1533 1785 amore
1575 1723 1712 1797 tui,
1753 1738 2030 1811 cognato
2068 1722 2376 1809 sanguine
2413 1722 2658 1795 victus,

1052 1841 1360 1929 Coniugis
1397 1858 1463 1902 et
1498 1856 1774 1901 maestae
1808 1830 2138 1927 lacrymis,
2181 1838 2395 1901 vincla
2433 1841 2644 1903 omnia
2685 1840 2857 1924 rupi:

1050 1962 1421 2021 Promissam
1462 1959 1667 2045 eripui
1711 1980 1974 2048 genero:
2021 1979 2190 2021 arma
2229 1960 2428 2043 impia
2466 1960 2688 2020 sumsi.

1058 2081 1151 2139 Ex
1192 2077 1313 2140 illo
1350 2078 1466 2163 qui
1510 2098 1605 2139 me
1647 2100 1859 2153 casus,
1900 2101 2094 2165 quae,
2136 2080 2385 2154 Turne,
2428 2094 2776 2163 sequantur

1052 2195 1258 2272 Bella,
1300 2194 1515 2275 viden
1560 2215 1830 2284 quantos
1873 2200 2108 2283 primus
2148 2200 2394 2283 patiare
2433 2196 2716 2261 labores.

1054 2318 1159 2377 Bis
1192 2336 1423 2405 magna
1454 2317 1617 2378 victi
1658 2339 1878 2407 pugna
1919 2320 2030 2380 vix
2069 2314 2229 2380 urbe
2271 2333 2525 2379 tuemur

1049 2436 1203 2520 Spes
1243 2432 1467 2511 Italas:
1513 2434 1792 2497 recalent
1835 2455 2048 2499 nostro
2089 2435 2395 2499 Tiberina
2431 2434 2672 2498 fluenta

1046 2555 1369 2642 Sanguine
1410 2551 1659 2633 adhuc,
1695 2558 2035 2643 campique
2077 2557 2370 2646 ingentes
2399 2554 2646 2618 ossibus
2679 2554 2929 2620 albent.

1045 2675 1183 2752 Quo
1226 2669 1467 2737 referor
1509 2667 1747 2738 toties?
1787 2697 1952 2761 quae
1992 2694 2260 2738 mentem
2303 2679 2543 2738 insania
2586 2669 2833 2738 mutat?

1048 2793 1113 2852 Si
1155 2795 1373 2855 Turno
1415 2797 1740 2859 exstincto
1777 2797 1982 2859 socios
2019 2817 2152 2857 sum
2193 2793 2437 2857 adscire
2479 2812 2776 2880 paratus;

1044 2911 1175 2972 Cur
1212 2930 1337 2972 non
1375 2911 1679 2976 incolumi
1717 2916 1934 2999 potius
1969 2917 2317 2978 certamina
2357 2907 2570 2976 tollo?

1042 3025 1209 3106 Quid
1246 3033 1701 3120 consanguinei
1747 3031 2009 3108 Rutuli,
2051 3031 2208 3118 quid
2250 3051 2466 3095 cetera
2502 3033 2674 3096 dicet

1040 3145 1268 3222 Italia3
1312 3147 1394 3210 ad
1436 3171 1694 3212 mortem
1736 3153 1786 3213 si
1835 3169 1896 3214 te
1936 3153 2154 3238 (Fors
2191 3151 2366 3215 dicta
2407 3149 2704 3241 refutet)

1040 3261 1464 3343 Prodiderim,
1507 3288 1718 3332 natam
1765 3289 1827 3332 et
1869 3271 2190 3334 connubia
2231 3291 2446 3336 nostra
2489 3267 2872 3359 petentem?

1042 3383 1453 3480 Respice-res
1494 3385 1666 3451 bello
1700 3392 1943 3466 varias;
1992 3393 2284 3454 miserere
2327 3395 2608 3476 parentis

1042 3501 1399 3590 Longaevi,
1450 3527 1635 3590 quem
1680 3530 1846 3572 nunc
1893 3511 2192 3573 maestum
2235 3515 2446 3597 patria
2489 3511 2692 3574 Ardea
2730 3513 2918 3605 longe

1040 3616 1324 3684 Dividit.
1376 3621 1889 3712 Haudquaquam
1931 3628 2124 3692 dictis
2165 3631 2476 3694 violentia
2517 3635 2722 3695 Turni

1036 3735 1387 3802 Flectitur:
1431 3762 1770 3828 exsuperat
1813 3749 2042 3835 magis,
2093 3754 2533 3838 aegrescitque
2577 3751 2919 3818 medendo.

1040 3857 1127 3922 Vt
1166 3860 1437 3946 primunt
1476 3857 1601 3928 fari
1638 3867 1888 3952 potuit,
1927 3867 2019 3930 sic
2059 3868 2299 3932 institit
2339 3890 2478 3934 ore:
