3400 5175
853 586 1316 644 AENEIDOS
1379 589 1552 643 mn.
1621 590 1789 647 v11.
1953 596 2104 672 271
2235 587 2344 675 47

451 727 581 788 Hoc
623 724 813 785 Latio
855 740 1096 785 restare
1133 737 1407 799 canunt,
1449 724 1565 809 qui
1606 724 1915 813 sanguine
1957 741 2245 787 nostrum

452 848 688 909 Nomen
726 847 792 906 in
832 863 1005 905 astra
1047 839 1280 906 ferant.
1327 846 1508 905 Hunc
1548 842 1731 905 illum
1775 865 2029 929 poscere
2070 840 2208 909 fata

461 968 538 1026 Et
583 985 762 1040 reor,
803 980 906 1039 et,
949 965 1002 1023 si
1045 961 1206 1049 quid
1250 966 1386 1025 veri
1430 985 1596 1025 mens
1640 982 1948 1053 augurat,
1992 982 2175 1051 opto,

451 1086 620 1148 Haec
665 1080 939 1159 effatus„
973 1104 1171 1169 equos
1215 1102 1470 1144 numero
1511 1100 1692 1167 pater
1730 1082 1919 1173 eligit
1960 1088 2159 1147 omni.

449 1202 716 1265 Stabant
767 1220 863 1265 ter
905 1220 1158 1265 centum
1201 1200 1396 1264 nitidi
1438 1204 1500 1263 in
1545 1201 1957 1289 praesepibus
1997 1204 2178 1266 altis.

445 1322 750 1387 Omnibus
793 1321 1117 1407 extemplo
1160 1326 1426 1385 Teucris
1467 1319 1648 1384 iubet
1687 1320 1911 1384 ordine
1950 1321 2101 1387 duci

451 1446 762 1505 Instratos
803 1460 979 1505 ostro
1020 1442 1305 1529 alipedes
1347 1444 1676 1530 pictisque
1718 1443 1978 1528 tapetis.

453 1567 660 1625 Aurea
699 1562 1074 1649 pectoribus
1115 1561 1385 1625 demissa
1427 1562 1688 1625 moniiia
1731 1562 2050 1649 pendent3

445 1684 628 1745 Tecti
671 1704 862 1758 aure,
905 1678 1150 1746 fulvum
1195 1682 1496 1747 mandunt
1535 1682 1656 1747 sub
1696 1684 1997 1749 dentibus
2036 1708 2291 1750 aurum.

451 1802 713 1865 Absenti
761 1806 1008 1865 Aeneae
1049 1824 1301 1864 currum
1342 1804 1750 1891 geminosque
1793 1804 2069 1895 iugales,

449 1924 692 1985 Semine
739 1920 818 1985 ab
855 1920 1181 1998 aetheri0,
1211 1926 1528 2009 spirantes
1569 1922 1832 1987 naribus
1874 1927 2120 2015 ignem,

445 2043 705 2106 Illorum
747 2042 828 2107 de
867 2060 1098 2133 gente,
1139 2044 1312 2128 patri
1350 2065 1510 2129 quos
1549 2042 1823 2109 daedala
1865 2047 2049 2108 Circe

447 2166 790 2251 Supposita
829 2161 909 2227 de
949 2182 1150 2226 matre
1191 2160 1419 2226 nothos
1462 2160 1672 2227 furata
1716 2168 1963 2229 creavit
1988 2211 2003 2228 .

447 2283 710 2349 Talibus
757 2284 1088 2347 Aeneadae
1131 2283 1312 2347 donis
1348 2283 1674 2371 dictisque
1718 2288 1933 2347 Latini

448 2404 760 2468 Sublimes
799 2408 866 2467 in
910 2408 1096 2492 equis
1140 2402 1443 2481 redeunt,
1485 2428 1835 2493 pacemque
1874 2424 2232 2493 reportant.

541 2530 706 2590 Ecce
749 2542 960 2590 autem
1009 2522 1292 2588 Inachiis
1332 2546 1468 2588 sese
1507 2522 1823 2590 referebat
1866 2523 1945 2589 ab
1987 2528 2181 2615 Argis

445 2651 644 2710 Saeva
689 2650 868 2710 Iovis
911 2649 1181 2722 coniux,
1228 2668 1545 2734 aurasque
1590 2650 1849 2708 invecta
1894 2644 2187 2707 tenebat:

445 2769 520 2830 Et
559 2767 800 2830 laetum
847 2769 1142 2843 Aenean,
1186 2765 1617 2852 classemque,
1653 2786 1733 2826 ex
1776 2761 2033 2826 aethere
2072 2763 2295 2852 longe,

443 2886 828 2951 Dardaniam
871 2886 1090 2950 Siculo
1127 2889 1459 2972 prospexit
1501 2882 1581 2949 a‘b
1623 2907 1824 2972 usque
1868 2883 2201 2974 Pachyno.

449 3007 665 3070 Moliri
715 3009 838 3069 iam
883 3024 1054 3070 tecta
1097 3006 1310 3084 videt,
1349 3010 1470 3069 iam
1515 3001 1707 3070 fidere
1746 3025 1996 3080 terrae;

445 3129 809 3191 Deseruisse
853 3145 1054 3189 rates.
1095 3129 1294 3190 Stetit
1338 3132 1469 3192 acri
1509 3126 1634 3191 fixa
1670 3127 1921 3191 dolore.

443 3249 596 3312 Tum
639 3271 945 3336 quassans
983 3268 1216 3334 caput,
1261 3245 1420 3312 haec
1460 3243 1738 3312 effundit
1782 3267 2044 3336 pectore
2084 3247 2303 3311 dictat

447 3371 574 3431 Heu
615 3371 884 3455 stirpem
925 3371 1232 3446 invisam,
1270 3388 1334 3431 et
1378 3365 1530 3432 fatis
1570 3373 1893 3433 contraria
1935 3371 2170 3432 nostris

447 3483 596 3550 Fata
635 3482 1003 3580 Phrygum!
1047 3509 1194 3551 num
1235 3489 1446 3579 Sigeis
1484 3488 1861 3552 occumbere
1901 3491 2182 3574 campis,

445 3607 602 3670 Num
647 3609 830 3692 capti
877 3625 1144 3692 potuere
1185 3601 1375 3694 capi?
1413 3630 1558 3670 num
1604 3609 1862 3671 incensa
1900 3609 2211 3670 cremavit

447 3727 634 3788 Troia
676 3719 894 3789 viros?
933 3725 1170 3790 medias
1212 3731 1416 3806 acies,
1461 3729 1834 3816 mediosque
1875 3751 1988 3815 per
2025 3731 2209 3817 ignes

441 3845 748 3912 Invenere
789 3849 990 3909 viam.
1035 3851 1155 3925 At,
1197 3845 1424 3926 cred0‚
1465 3871 1602 3911 mea
1646 3851 1908 3912 numina
1948 3845 2205 3910 tandem

442 3965 616 4027 Fessa
661 3969 912 4041 iacent,
956 3966 1122 4029 odiis
1166 3985 1274 4030 aut
1322 3985 1696 4031 exsaturata
1736 3968 1995 4056 quievi.
