3400 5175
1080 658 1232 735 118
1753 669 2432 730 1³.v1n‹;11.11
2673 648 2838 725 635

1168 806 1357 873 Nube
1395 804 1651 885 neden⁸3
1705 823 1898 893 atque
1937 801 2037 867 hia
2076 806 2380 867 victorem
2421 798 2678 867 adfatur
2721 803 2972 869 Iulum:

1173 932 1393 991 Macte
1434 946 1597 989 nova
1636 926 1921 1000 virtute,
1963 941 2166 1009 puer;
2205 924 2300 985 sic
2337 926 2472 985 itur
2511 922 2590 987 ad
2625 942 2830 1001 astra,

1171 1050 1287 1110 Dio
1324 1047 1574 1136 genite,
1614 1065 1676 1108 et
1719 1046 2016 1135 geniture
2055 1043 2238 1107 deos.
2279 1045 2428 1105 Iure
2467 1047 2678 1105 omnia
2717 1042 2890 1108 bella

1171 1169 1377 1227 Gente
1418 1163 1539 1228 sub
1585 1166 1876 1227 Assaraci
1919 1160 2051 1227 fato
2098 1180 2369 1225 ventura
2405 1161 2725 1225 resident:

1174 1287 1309 1347 Nec
1348 1302 1413 1346 te
1455 1284 1649 1345 Troia
1688 1286 1897 1370 capit.
1939 1282 2146 1347 Simul
2183 1278 2343 1347 haec
2387 1278 2655 1358 effatu«,
2697 1279 2777 1345 ab
2819 1280 2952 1343 alto

1174 1400 1455 1467 Aethere
1492 1424 1556 1465 se
1590 1405 1827 1479 mittit,
1865 1405 2178 1489 spirantes
2217 1400 2500 1465 dimovet
2537 1422 2756 1477 auras,

1176 1524 1645 1609 Ascaniumque
1686 1525 1879 1609 petit.
1929 1526 2214 1585 Formam
2256 1538 2394 1583 tum
2433 1523 2708 1584 vertitur
2744 1522 2874 1583 oris

1178 1644 1531 1729 Antiquum
1572 1644 1641 1703 in
1682 1644 1921 1705 Buten.
1963 1645 2082 1705 Hic
2124 1639 2448 1705 Dardanio
2487 1638 2802 1704 Anchisae

1180 1764 1475 1850 Armiger
1517 1777 1665 1823 ante
1705 1756 1864 1836 fuit,
1903 1757 2188 1847 fidusque
2228 1758 2310 1822 ad
2349 1758 2573 1821 limina
2609 1774 2850 1821 custos:

1176 1882 1339 1941 Tum
1380 1881 1673 1942 comitem
1709 1881 1978 1941 Ascanio
2021 1898 2202 1964 pater
2245 1876 2531 1942 addidit.
2571 1876 2722 1941 lbat
2763 1876 2998 1963 Apollo

1176 1999 1401 2061 Omnia
1442 1996 1756 2085 longaevo
1795 1997 2054 2073 similis,
2097 2018 2447 2084 vocemque
2473 2044 2494 2073 ,
2533 1997 2972 2084 coloremque,

1180 2120 1260 2179 Et
1302 2119 1507 2181 crines
1550 2113 1758 2194 albos,
1798 2134 1862 2181 et
1905 2138 2096 2181 saeva
2135 2116 2468 2181 sonoribus
2509 2138 2716 2179 arma:

1175 2239 1391 2324 Atque
1429 2234 1529 2301 his
1566 2236 1894 2301 ardentem
1935 2236 2136 2301 dictis
2177 2232 2434 2300 adfatur
2475 2236 2722 2300 Iulum:

1180 2361 1279 2419 Sit
1318 2360 1510 2434 satia,
1554 2356 1887 2435 Aeneada,
1929 2357 2075 2421 telis
2115 2360 2375 2445 impune
2417 2358 2770 2420 Numanum

1180 2480 1543 2563 oppetiisse
1580 2482 1746 2541 tuin:
1791 2482 2058 2565 primam
2102 2475 2266 2542 hanc
2309 2474 2432 2541 tibi
2475 2498 2736 2567 magnus
2775 2476 3008 2563 Apollo

1184 2597 1497 2663 Concedit
1539 2599 1827 2676 landem,
1867 2617 1930 2663 et
1971 2595 2232 2686 paribus
2263 2619 2388 2660 nou
2425 2596 2676 2662 invidet
2719 2600 2934 2660 armis.

1185 2717 1415 2778 Cetera
1456 2736 1675 2801 parce,
1715 2737 1902 2801 puer,
1947 2714 2154 2780 bello.
2197 2721 2303 2780 Sic
2344 2739 2520 2781 orsus
2557 2716 2788 2804 Apollo

1188 2835 1499 2898 Mortales
1542 2835 1749 2899 medio
1789 2836 2126 2922 adspectus
2159 2859 2440 2913 sermone
2485 2835 2782 2924 reliquit,

1184 2957 1263 3014 Et
1310 2952 1530 3039 procul
1568 2957 1633 3018 in
1672 2973 1924 3018 tenuem
1967 2976 2043 3017 ex
2085 2954 2290 3019 oculis
2327 2959 2590 3022 evanuit
2631 2977 2886 3018 auram.

1184 3069 1564 3159 Adgnovere
1599 3072 1784 3136 deum
1825 3095 2114 3160 proceres
2149 3073 2500 3163 divinaque
2535 3073 2665 3139 tela

1180 3183 1585 3254 Dardanidae
1608 3237 1627 3268 ,
1668 3191 2158 3281 pharetramque
2197 3189 2354 3284 fuga
2389 3217 2634 3258 sensere
2671 3211 3030 3258 sonantem.

1188 3309 1358 3396 Ergo
1397 3307 1652 3370 avidum
1697 3332 1980 3400 pugnae,
2023 3311 2216 3378 dictis
2256 3337 2330 3380 ac
2367 3319 2622 3380 numine
2661 3313 2950 3394 Phoebi,

1188 3427 1527 3490 Ascanium
1572 3427 1948 3517 prohibeam
1993 3435 2116 3520 ipsi
2161 3438 2226 3498 in
2267 3439 2620 3500 certamina
2657 3457 2870 3500 rursus

1186 3546 1591 3624 Succedunt,
1626 3551 1994 3640 animasque
2029 3557 2096 3618 in
2133 3576 2355 3640 aperta
2395 3555 2678 3642 pericula
2719 3559 3015 3620 mittunt.

1097 3673 1109 3680 ”
1185 3667 1249 3730 It
1290 3668 1529 3732 clamor
1572 3673 1728 3738 totis
1771 3693 1882 3756 per
1923 3675 2410 3764 propugnacula
2449 3677 2688 3754 muris;

1178 3785 1526 3851 intendunt
1570 3809 1744 3852 acres
1783 3811 2006 3868 arcus,
2045 3809 2424 3882 amentaque
2469 3813 2803 3883 torquent.

1182 3911 1505 3971 Sternitur
1544 3930 1726 3973 omne
1767 3911 1970 3974 solum
2013 3911 2204 3988 telie;
2248 3918 2381 3975 tum
2419 3931 2598 3975 acuta
2633 3932 2954 4002 cavaeque

1183 4027 1353 4089 Dant
1395 4031 1673 4094 sonitum
1722 4027 1906 4096 flictu
1949 4031 2222 4124 galeae3
2266 4053 2484 4124 pugna
2517 4053 2736 4119 aspera
2779 4033 3014 4122 surgit:
